[
    {
        "market_question": "Will Sport Lisboa e Benfica win on 2026-01-28?",
        "outcome": "Yes",
        "side": "SELL",
        "price": 0.7786621606352272,
        "size": 4867.55,
        "volume_usd": 3790.177,
        "timestamp": 1769636942,
        "date": "2026-01-29 05:49:02",
        "transaction_hash": "0xae4a9fa5a8f9262f947c081b1fd36bf43c77dca964a411a1e7e24474116eccab",
        "maker_address": "N/A",
        "conditionId": "0xe986a6eb382842e20ef258af982525779d01a1d1a7d58700c42364da8c43e838"
    },
    {
        "market_question": "Will Sport Lisboa e Benfica win on 2026-01-28?",
        "outcome": "Yes",
        "side": "BUY",
        "price": 0.76,
        "size": 4764.98,
        "volume_usd": 3621.3848,
        "timestamp": 1769636816,
        "date": "2026-01-29 05:46:56",
        "transaction_hash": "0x8029fcd26429ac024cc0715421dd0ad69075e445a09026d6feb0bd17af91c4fe",
        "maker_address": "N/A",
        "conditionId": "0xe986a6eb382842e20ef258af982525779d01a1d1a7d58700c42364da8c43e838"
    },
    {
        "market_question": "Will Sport Lisboa e Benfica win on 2026-01-28?",
        "outcome": "Yes",
        "side": "BUY",
        "price": 0.73,
        "size": 2791.0,
        "volume_usd": 2037.43,
        "timestamp": 1769636712,
        "date": "2026-01-29 05:45:12",
        "transaction_hash": "0xc202c8d97bf498ee15168585a6c6cd0e8801a42e7b03bdea37e9c2c58ea34982",
        "maker_address": "N/A",
        "conditionId": "0xe986a6eb382842e20ef258af982525779d01a1d1a7d58700c42364da8c43e838"
    },
    {
        "market_question": "Will Sport Lisboa e Benfica win on 2026-01-28?",
        "outcome": "No",
        "side": "BUY",
        "price": 0.28,
        "size": 5370.0,
        "volume_usd": 1503.6000000000001,
        "timestamp": 1769636642,
        "date": "2026-01-29 05:44:02",
        "transaction_hash": "0x1509cfb5c746dcb2ed034d9e7e2a5ab731323fa4b36bb49423d2da6693a380e6",
        "maker_address": "N/A",
        "conditionId": "0xe986a6eb382842e20ef258af982525779d01a1d1a7d58700c42364da8c43e838"
    },
    {
        "market_question": "Will Sport Lisboa e Benfica win on 2026-01-28?",
        "outcome": "Yes",
        "side": "BUY",
        "price": 0.68,
        "size": 1548.0,
        "volume_usd": 1052.64,
        "timestamp": 1769636180,
        "date": "2026-01-29 05:36:20",
        "transaction_hash": "0x943ddac7e7167d580e265af2a70ee754944c0dcb97affef2ce3529dd54e251fc",
        "maker_address": "N/A",
        "conditionId": "0xe986a6eb382842e20ef258af982525779d01a1d1a7d58700c42364da8c43e838"
    },
    {
        "market_question": "Will Sport Lisboa e Benfica win on 2026-01-28?",
        "outcome": "Yes",
        "side": "BUY",
        "price": 0.6199999999023007,
        "size": 1637.677418,
        "volume_usd": 1015.359999,
        "timestamp": 1769635764,
        "date": "2026-01-29 05:29:24",
        "transaction_hash": "0xcc7478a918f7de2c5e3d1773afa08438341eda20250f8019be242504832041d9",
        "maker_address": "N/A",
        "conditionId": "0xe986a6eb382842e20ef258af982525779d01a1d1a7d58700c42364da8c43e838"
    },
    {
        "market_question": "Will Sport Lisboa e Benfica win on 2026-01-28?",
        "outcome": "Yes",
        "side": "BUY",
        "price": 0.62,
        "size": 2737.0,
        "volume_usd": 1696.94,
        "timestamp": 1769635760,
        "date": "2026-01-29 05:29:20",
        "transaction_hash": "0x5df222f2f5d22eb39f716a1fc077ad8bbb831d8b50fb591bed01473d2a701aba",
        "maker_address": "N/A",
        "conditionId": "0xe986a6eb382842e20ef258af982525779d01a1d1a7d58700c42364da8c43e838"
    },
    {
        "market_question": "Will Sport Lisboa e Benfica win on 2026-01-28?",
        "outcome": "Yes",
        "side": "BUY",
        "price": 0.6199999999601049,
        "size": 6517.096773,
        "volume_usd": 4040.599999,
        "timestamp": 1769635696,
        "date": "2026-01-29 05:28:16",
        "transaction_hash": "0x34ae38e424a2d39f44c39b09cc0e2f575bad9d0feb248c7553bc694757b256d5",
        "maker_address": "N/A",
        "conditionId": "0xe986a6eb382842e20ef258af982525779d01a1d1a7d58700c42364da8c43e838"
    },
    {
        "market_question": "Will Sport Lisboa e Benfica win on 2026-01-28?",
        "outcome": "No",
        "side": "BUY",
        "price": 0.4,
        "size": 2991.61,
        "volume_usd": 1196.644,
        "timestamp": 1769635596,
        "date": "2026-01-29 05:26:36",
        "transaction_hash": "0x2b93de591cd906f65279776aaf6d0a2e826f9f2e5e9ceb4d3f7c748bc4e6b350",
        "maker_address": "N/A",
        "conditionId": "0xe986a6eb382842e20ef258af982525779d01a1d1a7d58700c42364da8c43e838"
    },
    {
        "market_question": "Will Sport Lisboa e Benfica win on 2026-01-28?",
        "outcome": "No",
        "side": "BUY",
        "price": 0.4,
        "size": 3007.92,
        "volume_usd": 1203.1680000000001,
        "timestamp": 1769635482,
        "date": "2026-01-29 05:24:42",
        "transaction_hash": "0x3b5958ce8789a08099351936025af76c9c89c836e646f0e9c4e584008ba04a85",
        "maker_address": "N/A",
        "conditionId": "0xe986a6eb382842e20ef258af982525779d01a1d1a7d58700c42364da8c43e838"
    },
    {
        "market_question": "Will Sport Lisboa e Benfica win on 2026-01-28?",
        "outcome": "Yes",
        "side": "BUY",
        "price": 0.56,
        "size": 10692.0,
        "volume_usd": 5987.52,
        "timestamp": 1769635040,
        "date": "2026-01-29 05:17:20",
        "transaction_hash": "0xfc19e939a185f4e0dfbda64db07d631014197f85c9275ff720d6230581b042f7",
        "maker_address": "N/A",
        "conditionId": "0xe986a6eb382842e20ef258af982525779d01a1d1a7d58700c42364da8c43e838"
    },
    {
        "market_question": "Will Sport Lisboa e Benfica win on 2026-01-28?",
        "outcome": "Yes",
        "side": "BUY",
        "price": 0.56,
        "size": 4615.0,
        "volume_usd": 2584.4,
        "timestamp": 1769635040,
        "date": "2026-01-29 05:17:20",
        "transaction_hash": "0xba8c9867d48e267cd3404601ca0b3ce5892b55f52839848d00b74bb25ac79e61",
        "maker_address": "N/A",
        "conditionId": "0xe986a6eb382842e20ef258af982525779d01a1d1a7d58700c42364da8c43e838"
    },
    {
        "market_question": "Will Sport Lisboa e Benfica win on 2026-01-28?",
        "outcome": "No",
        "side": "BUY",
        "price": 0.4459772810944978,
        "size": 6736.24,
        "volume_usd": 3004.2099999999996,
        "timestamp": 1769635036,
        "date": "2026-01-29 05:17:16",
        "transaction_hash": "0xece125e641d515d3c2b4c877e1be661f9eadcf027b11e0adcfd07b26501a97ad",
        "maker_address": "N/A",
        "conditionId": "0xe986a6eb382842e20ef258af982525779d01a1d1a7d58700c42364da8c43e838"
    },
    {
        "market_question": "Will Sport Lisboa e Benfica win on 2026-01-28?",
        "outcome": "No",
        "side": "BUY",
        "price": 0.46,
        "size": 5701.18,
        "volume_usd": 2622.5428,
        "timestamp": 1769634790,
        "date": "2026-01-29 05:13:10",
        "transaction_hash": "0x3d83b30241c64e62a752957a3ed1df8aa1aae9824815cfe6edea59d542e574dc",
        "maker_address": "N/A",
        "conditionId": "0xe986a6eb382842e20ef258af982525779d01a1d1a7d58700c42364da8c43e838"
    },
    {
        "market_question": "Will Sport Lisboa e Benfica win on 2026-01-28?",
        "outcome": "Yes",
        "side": "SELL",
        "price": 0.5419714166902191,
        "size": 5554.99,
        "volume_usd": 3010.6458000000002,
        "timestamp": 1769634670,
        "date": "2026-01-29 05:11:10",
        "transaction_hash": "0xd53a62b5abc2f0a31737b48dd9294fa07e6e628739423c0ac5a494519891d95c",
        "maker_address": "N/A",
        "conditionId": "0xe986a6eb382842e20ef258af982525779d01a1d1a7d58700c42364da8c43e838"
    },
    {
        "market_question": "Will Sport Lisboa e Benfica win on 2026-01-28?",
        "outcome": "No",
        "side": "BUY",
        "price": 0.44,
        "size": 25000.0,
        "volume_usd": 11000.0,
        "timestamp": 1769634592,
        "date": "2026-01-29 05:09:52",
        "transaction_hash": "0x743703a738fdce79ce5d4bcbcc24758f1c09e3124ae447125f1ef82e9cc9fc6b",
        "maker_address": "N/A",
        "conditionId": "0xe986a6eb382842e20ef258af982525779d01a1d1a7d58700c42364da8c43e838"
    },
    {
        "market_question": "Will Sport Lisboa e Benfica win on 2026-01-28?",
        "outcome": "No",
        "side": "BUY",
        "price": 0.44,
        "size": 17110.99,
        "volume_usd": 7528.8356,
        "timestamp": 1769634566,
        "date": "2026-01-29 05:09:26",
        "transaction_hash": "0x72d9ef4a5311680d98a77dac6f6e93b2187029bca9c1d81083e463c2e2187853",
        "maker_address": "N/A",
        "conditionId": "0xe986a6eb382842e20ef258af982525779d01a1d1a7d58700c42364da8c43e838"
    },
    {
        "market_question": "Will Sport Lisboa e Benfica win on 2026-01-28?",
        "outcome": "No",
        "side": "BUY",
        "price": 0.44,
        "size": 4778.0,
        "volume_usd": 2102.32,
        "timestamp": 1769634562,
        "date": "2026-01-29 05:09:22",
        "transaction_hash": "0xdcdbadc6bf3fce24254d5ba1775d5be1da5784be891d3e913b9d3791578e41fa",
        "maker_address": "N/A",
        "conditionId": "0xe986a6eb382842e20ef258af982525779d01a1d1a7d58700c42364da8c43e838"
    },
    {
        "market_question": "Will Sport Lisboa e Benfica win on 2026-01-28?",
        "outcome": "Yes",
        "side": "BUY",
        "price": 0.56,
        "size": 26605.76,
        "volume_usd": 14899.2256,
        "timestamp": 1769634560,
        "date": "2026-01-29 05:09:20",
        "transaction_hash": "0xc7a4f8d80127ec3093dac49df9f832b1e4168202eab4cd4c051c51db2e481266",
        "maker_address": "N/A",
        "conditionId": "0xe986a6eb382842e20ef258af982525779d01a1d1a7d58700c42364da8c43e838"
    },
    {
        "market_question": "Will Sport Lisboa e Benfica win on 2026-01-28?",
        "outcome": "No",
        "side": "BUY",
        "price": 0.44,
        "size": 5094.64,
        "volume_usd": 2241.6416000000004,
        "timestamp": 1769634418,
        "date": "2026-01-29 05:06:58",
        "transaction_hash": "0x8ce04f7bab19e1ee6c65981b531c7f7da8877ea16361c2a0c03de556645e93f7",
        "maker_address": "N/A",
        "conditionId": "0xe986a6eb382842e20ef258af982525779d01a1d1a7d58700c42364da8c43e838"
    },
    {
        "market_question": "Will Sport Lisboa e Benfica win on 2026-01-28?",
        "outcome": "No",
        "side": "BUY",
        "price": 0.44,
        "size": 27227.33,
        "volume_usd": 11980.0252,
        "timestamp": 1769634402,
        "date": "2026-01-29 05:06:42",
        "transaction_hash": "0x610781d8d2edde76618ab5558ad1c8a4c22e7a1926d8b7f95bff5dac49b256dc",
        "maker_address": "N/A",
        "conditionId": "0xe986a6eb382842e20ef258af982525779d01a1d1a7d58700c42364da8c43e838"
    },
    {
        "market_question": "Will Sport Lisboa e Benfica win on 2026-01-28?",
        "outcome": "No",
        "side": "BUY",
        "price": 0.44,
        "size": 15000.0,
        "volume_usd": 6600.0,
        "timestamp": 1769634400,
        "date": "2026-01-29 05:06:40",
        "transaction_hash": "0x13101376372f9fbf4788167d231c41e1af8637465cb12641918603019fb3cc10",
        "maker_address": "N/A",
        "conditionId": "0xe986a6eb382842e20ef258af982525779d01a1d1a7d58700c42364da8c43e838"
    },
    {
        "market_question": "Will Sport Lisboa e Benfica win on 2026-01-28?",
        "outcome": "No",
        "side": "BUY",
        "price": 0.44,
        "size": 5366.07,
        "volume_usd": 2361.0708,
        "timestamp": 1769634398,
        "date": "2026-01-29 05:06:38",
        "transaction_hash": "0xded75c8e937df529c22907e87c1211ee30a6c344b5ee45064dd2f158e5a78644",
        "maker_address": "N/A",
        "conditionId": "0xe986a6eb382842e20ef258af982525779d01a1d1a7d58700c42364da8c43e838"
    },
    {
        "market_question": "Will Sport Lisboa e Benfica win on 2026-01-28?",
        "outcome": "No",
        "side": "BUY",
        "price": 0.44,
        "size": 5380.36,
        "volume_usd": 2367.3584,
        "timestamp": 1769634388,
        "date": "2026-01-29 05:06:28",
        "transaction_hash": "0xc8b4d7ae74b5b2fba14cd3dcb03a318e98c4d937c85ff661fb710519ae66085a",
        "maker_address": "N/A",
        "conditionId": "0xe986a6eb382842e20ef258af982525779d01a1d1a7d58700c42364da8c43e838"
    },
    {
        "market_question": "Will Sport Lisboa e Benfica win on 2026-01-28?",
        "outcome": "No",
        "side": "BUY",
        "price": 0.44,
        "size": 2937.0,
        "volume_usd": 1292.28,
        "timestamp": 1769634386,
        "date": "2026-01-29 05:06:26",
        "transaction_hash": "0x62511fa132f72bae4432a1069a1453a485ebdf4db8fe25940dc19648adef9656",
        "maker_address": "N/A",
        "conditionId": "0xe986a6eb382842e20ef258af982525779d01a1d1a7d58700c42364da8c43e838"
    },
    {
        "market_question": "Will Sport Lisboa e Benfica vs. Real Madrid CF end in a draw?",
        "outcome": "No",
        "side": "BUY",
        "price": 0.75,
        "size": 2533.63,
        "volume_usd": 1900.2225,
        "timestamp": 1769634386,
        "date": "2026-01-29 05:06:26",
        "transaction_hash": "0xb73ae550a4dc23d55c731c8b803b7b3a5bfa58661453862bc32fa492114f9447",
        "maker_address": "N/A",
        "conditionId": "0x3d7f69428530284e2f164e26dd230a8bfdb729d506442879b65d6b80863e814e"
    },
    {
        "market_question": "Will Sport Lisboa e Benfica win on 2026-01-28?",
        "outcome": "No",
        "side": "BUY",
        "price": 0.44,
        "size": 14471.0,
        "volume_usd": 6367.24,
        "timestamp": 1769634384,
        "date": "2026-01-29 05:06:24",
        "transaction_hash": "0x1c62feccd0846bd157bfcf845d4ca7ed1c3005187c405f52e798cff95b584aa5",
        "maker_address": "N/A",
        "conditionId": "0xe986a6eb382842e20ef258af982525779d01a1d1a7d58700c42364da8c43e838"
    },
    {
        "market_question": "Will Sport Lisboa e Benfica win on 2026-01-28?",
        "outcome": "No",
        "side": "BUY",
        "price": 0.44,
        "size": 4957.14,
        "volume_usd": 2181.1416000000004,
        "timestamp": 1769634384,
        "date": "2026-01-29 05:06:24",
        "transaction_hash": "0xfe9d403142509f536d02045abf220a0cc2ea562bbb2d96f7ad912096dbbe8ca3",
        "maker_address": "N/A",
        "conditionId": "0xe986a6eb382842e20ef258af982525779d01a1d1a7d58700c42364da8c43e838"
    },
    {
        "market_question": "Will Sport Lisboa e Benfica win on 2026-01-28?",
        "outcome": "Yes",
        "side": "BUY",
        "price": 0.56,
        "size": 11065.68,
        "volume_usd": 6196.7808,
        "timestamp": 1769634382,
        "date": "2026-01-29 05:06:22",
        "transaction_hash": "0x4eda29750fdbd1e267d708e7f164fd53b7b5eb3363738a46e32cc522b50467dc",
        "maker_address": "N/A",
        "conditionId": "0xe986a6eb382842e20ef258af982525779d01a1d1a7d58700c42364da8c43e838"
    },
    {
        "market_question": "Will Sport Lisboa e Benfica win on 2026-01-28?",
        "outcome": "No",
        "side": "BUY",
        "price": 0.45,
        "size": 5230.91,
        "volume_usd": 2353.9095,
        "timestamp": 1769634370,
        "date": "2026-01-29 05:06:10",
        "transaction_hash": "0x86c3e9d073541365f8973e58dd7ad7ec1b56e826000c5a26c35cf2efaee515ff",
        "maker_address": "N/A",
        "conditionId": "0xe986a6eb382842e20ef258af982525779d01a1d1a7d58700c42364da8c43e838"
    },
    {
        "market_question": "Will Sport Lisboa e Benfica win on 2026-01-28?",
        "outcome": "Yes",
        "side": "SELL",
        "price": 0.55,
        "size": 1982.3,
        "volume_usd": 1090.265,
        "timestamp": 1769634366,
        "date": "2026-01-29 05:06:06",
        "transaction_hash": "0x417ddec75d78689e5cc77390aa8534d296686b919f09d8e60cb3162625c61e6f",
        "maker_address": "N/A",
        "conditionId": "0xe986a6eb382842e20ef258af982525779d01a1d1a7d58700c42364da8c43e838"
    },
    {
        "market_question": "Will Sport Lisboa e Benfica win on 2026-01-28?",
        "outcome": "No",
        "side": "BUY",
        "price": 0.45,
        "size": 5025.45,
        "volume_usd": 2261.4525,
        "timestamp": 1769634366,
        "date": "2026-01-29 05:06:06",
        "transaction_hash": "0x87ec3d1a9953ba4dafb02f0914c84d9fca373555263fbe4ca6818b4901b75087",
        "maker_address": "N/A",
        "conditionId": "0xe986a6eb382842e20ef258af982525779d01a1d1a7d58700c42364da8c43e838"
    },
    {
        "market_question": "Will Sport Lisboa e Benfica vs. Real Madrid CF end in a draw?",
        "outcome": "No",
        "side": "BUY",
        "price": 0.75,
        "size": 1448.0,
        "volume_usd": 1086.0,
        "timestamp": 1769634366,
        "date": "2026-01-29 05:06:06",
        "transaction_hash": "0x9da6d91096ef0d536bd1f9094937e0472c0ddef574f5943b98b9c5a661ab518b",
        "maker_address": "N/A",
        "conditionId": "0x3d7f69428530284e2f164e26dd230a8bfdb729d506442879b65d6b80863e814e"
    },
    {
        "market_question": "Will Sport Lisboa e Benfica win on 2026-01-28?",
        "outcome": "No",
        "side": "BUY",
        "price": 0.45,
        "size": 14613.0,
        "volume_usd": 6575.85,
        "timestamp": 1769634364,
        "date": "2026-01-29 05:06:04",
        "transaction_hash": "0x269411e84a2aa611ca1bb97fd939953e003df8fa50b86581b4fea39331035ac9",
        "maker_address": "N/A",
        "conditionId": "0xe986a6eb382842e20ef258af982525779d01a1d1a7d58700c42364da8c43e838"
    },
    {
        "market_question": "Will Sport Lisboa e Benfica win on 2026-01-28?",
        "outcome": "No",
        "side": "BUY",
        "price": 0.45,
        "size": 4958.18,
        "volume_usd": 2231.181,
        "timestamp": 1769634364,
        "date": "2026-01-29 05:06:04",
        "transaction_hash": "0x0b3516628d764462d03a5239976c110239f91b40406041d60b868ffc616cfb68",
        "maker_address": "N/A",
        "conditionId": "0xe986a6eb382842e20ef258af982525779d01a1d1a7d58700c42364da8c43e838"
    },
    {
        "market_question": "Will Sport Lisboa e Benfica win on 2026-01-28?",
        "outcome": "No",
        "side": "BUY",
        "price": 0.45,
        "size": 30000.0,
        "volume_usd": 13500.0,
        "timestamp": 1769634346,
        "date": "2026-01-29 05:05:46",
        "transaction_hash": "0xba13e848e57d211c178b719c2d8accdb3e4b8903deb1d61fe484fba63eee2346",
        "maker_address": "N/A",
        "conditionId": "0xe986a6eb382842e20ef258af982525779d01a1d1a7d58700c42364da8c43e838"
    },
    {
        "market_question": "Will Sport Lisboa e Benfica win on 2026-01-28?",
        "outcome": "No",
        "side": "BUY",
        "price": 0.45,
        "size": 5350.91,
        "volume_usd": 2407.9095,
        "timestamp": 1769634346,
        "date": "2026-01-29 05:05:46",
        "transaction_hash": "0x0ea5f8902dfdbcb5ffb5ab3ec9e44c22694932bc9b38addbd95173808b4af9e9",
        "maker_address": "N/A",
        "conditionId": "0xe986a6eb382842e20ef258af982525779d01a1d1a7d58700c42364da8c43e838"
    },
    {
        "market_question": "Will Sport Lisboa e Benfica win on 2026-01-28?",
        "outcome": "No",
        "side": "BUY",
        "price": 0.45,
        "size": 5410.91,
        "volume_usd": 2434.9095,
        "timestamp": 1769634342,
        "date": "2026-01-29 05:05:42",
        "transaction_hash": "0x3db870f255844bdcf10370ec7c5279251aeecdb9f340d27e96ad4e8a4048712d",
        "maker_address": "N/A",
        "conditionId": "0xe986a6eb382842e20ef258af982525779d01a1d1a7d58700c42364da8c43e838"
    },
    {
        "market_question": "Will Sport Lisboa e Benfica win on 2026-01-28?",
        "outcome": "No",
        "side": "BUY",
        "price": 0.45,
        "size": 25000.0,
        "volume_usd": 11250.0,
        "timestamp": 1769634328,
        "date": "2026-01-29 05:05:28",
        "transaction_hash": "0x816db30a4cfe7f443ec4ad63e9558523cdf8012bc6e5664fac78a368a719fde8",
        "maker_address": "N/A",
        "conditionId": "0xe986a6eb382842e20ef258af982525779d01a1d1a7d58700c42364da8c43e838"
    },
    {
        "market_question": "Will Real Madrid CF win on 2026-01-28?",
        "outcome": "No",
        "side": "BUY",
        "price": 0.79,
        "size": 5909.0,
        "volume_usd": 4668.110000000001,
        "timestamp": 1769634326,
        "date": "2026-01-29 05:05:26",
        "transaction_hash": "0xd92a695351b3091dca119a7eba28e3d673655e6b068a630e53c373736ee364fe",
        "maker_address": "N/A",
        "conditionId": "0xea49f0969abc80cf7ddbc9d3435c81d3a63cc6b73ebf8d6420f59b0557cf188e"
    },
    {
        "market_question": "Will Sport Lisboa e Benfica win on 2026-01-28?",
        "outcome": "No",
        "side": "BUY",
        "price": 0.45,
        "size": 7826.0,
        "volume_usd": 3521.7000000000003,
        "timestamp": 1769634324,
        "date": "2026-01-29 05:05:24",
        "transaction_hash": "0xe1b0f4b1ee18941124d35a0d2a3e2899be70e9606290b2898bdb4c886d765f17",
        "maker_address": "N/A",
        "conditionId": "0xe986a6eb382842e20ef258af982525779d01a1d1a7d58700c42364da8c43e838"
    },
    {
        "market_question": "Will Sport Lisboa e Benfica win on 2026-01-28?",
        "outcome": "Yes",
        "side": "BUY",
        "price": 0.55,
        "size": 6930.51,
        "volume_usd": 3811.7805000000003,
        "timestamp": 1769634322,
        "date": "2026-01-29 05:05:22",
        "transaction_hash": "0x07ac2961b3b5dd5b857550a89a75124d373046727c9f1bca78ae9026449fc36c",
        "maker_address": "N/A",
        "conditionId": "0xe986a6eb382842e20ef258af982525779d01a1d1a7d58700c42364da8c43e838"
    },
    {
        "market_question": "Will Sport Lisboa e Benfica win on 2026-01-28?",
        "outcome": "Yes",
        "side": "BUY",
        "price": 0.55,
        "size": 7000.0,
        "volume_usd": 3850.0000000000005,
        "timestamp": 1769634312,
        "date": "2026-01-29 05:05:12",
        "transaction_hash": "0x8d8971843a31d4c3157c97fa52cb9add5627111e26e2fead0ddb7626bccfe565",
        "maker_address": "N/A",
        "conditionId": "0xe986a6eb382842e20ef258af982525779d01a1d1a7d58700c42364da8c43e838"
    },
    {
        "market_question": "Will Sport Lisboa e Benfica win on 2026-01-28?",
        "outcome": "Yes",
        "side": "BUY",
        "price": 0.55,
        "size": 50000.0,
        "volume_usd": 27500.000000000004,
        "timestamp": 1769634222,
        "date": "2026-01-29 05:03:42",
        "transaction_hash": "0x741b0d27414ddd658f3278e12c475535a677c62d2862d146b4a9c379b5fc8c68",
        "maker_address": "N/A",
        "conditionId": "0xe986a6eb382842e20ef258af982525779d01a1d1a7d58700c42364da8c43e838"
    },
    {
        "market_question": "Will Sport Lisboa e Benfica win on 2026-01-28?",
        "outcome": "No",
        "side": "BUY",
        "price": 0.46,
        "size": 5146.3,
        "volume_usd": 2367.2980000000002,
        "timestamp": 1769634196,
        "date": "2026-01-29 05:03:16",
        "transaction_hash": "0xd0543d0c8c11f97cf2dbfbf776a93aaa4f44a0cbfdf2028acdac984370486f26",
        "maker_address": "N/A",
        "conditionId": "0xe986a6eb382842e20ef258af982525779d01a1d1a7d58700c42364da8c43e838"
    },
    {
        "market_question": "Will Sport Lisboa e Benfica win on 2026-01-28?",
        "outcome": "No",
        "side": "BUY",
        "price": 0.46,
        "size": 12514.0,
        "volume_usd": 5756.4400000000005,
        "timestamp": 1769634196,
        "date": "2026-01-29 05:03:16",
        "transaction_hash": "0x9efb82eab8b6f927e8ef29f921fe25a7b24cf6a71467a34846dbdbeffdc23f98",
        "maker_address": "N/A",
        "conditionId": "0xe986a6eb382842e20ef258af982525779d01a1d1a7d58700c42364da8c43e838"
    },
    {
        "market_question": "Will Sport Lisboa e Benfica win on 2026-01-28?",
        "outcome": "No",
        "side": "BUY",
        "price": 0.46,
        "size": 5040.0,
        "volume_usd": 2318.4,
        "timestamp": 1769634178,
        "date": "2026-01-29 05:02:58",
        "transaction_hash": "0xcd83770f176ef89c79fa67cbad1e5af815fddac6e59055c2688c87ef7e2680ad",
        "maker_address": "N/A",
        "conditionId": "0xe986a6eb382842e20ef258af982525779d01a1d1a7d58700c42364da8c43e838"
    },
    {
        "market_question": "Will Sport Lisboa e Benfica win on 2026-01-28?",
        "outcome": "Yes",
        "side": "BUY",
        "price": 0.54,
        "size": 6644.19,
        "volume_usd": 3587.8626,
        "timestamp": 1769634176,
        "date": "2026-01-29 05:02:56",
        "transaction_hash": "0xc5966530d6c58c5be555edfebe8f64feb812fca6f709fefd19b7e4f86eb01c5c",
        "maker_address": "N/A",
        "conditionId": "0xe986a6eb382842e20ef258af982525779d01a1d1a7d58700c42364da8c43e838"
    },
    {
        "market_question": "Will Sport Lisboa e Benfica win on 2026-01-28?",
        "outcome": "No",
        "side": "BUY",
        "price": 0.46,
        "size": 5487.04,
        "volume_usd": 2524.0384,
        "timestamp": 1769634114,
        "date": "2026-01-29 05:01:54",
        "transaction_hash": "0xc8d269335aa4ad8b36311b3395797169d1c615fcc5569bb9131268f530552015",
        "maker_address": "N/A",
        "conditionId": "0xe986a6eb382842e20ef258af982525779d01a1d1a7d58700c42364da8c43e838"
    },
    {
        "market_question": "Will Sport Lisboa e Benfica win on 2026-01-28?",
        "outcome": "No",
        "side": "BUY",
        "price": 0.46,
        "size": 4998.15,
        "volume_usd": 2299.149,
        "timestamp": 1769634088,
        "date": "2026-01-29 05:01:28",
        "transaction_hash": "0x93615b384e9d5005d9b7603e6f38201f9002dbc0af2856690bda7b43ece2dd0a",
        "maker_address": "N/A",
        "conditionId": "0xe986a6eb382842e20ef258af982525779d01a1d1a7d58700c42364da8c43e838"
    },
    {
        "market_question": "Will Sport Lisboa e Benfica win on 2026-01-28?",
        "outcome": "No",
        "side": "BUY",
        "price": 0.46,
        "size": 5414.81,
        "volume_usd": 2490.8126,
        "timestamp": 1769634072,
        "date": "2026-01-29 05:01:12",
        "transaction_hash": "0xb78176a56c7cd1669f952285b5614d99639a1e6333b525e48ad609f1cedb42cc",
        "maker_address": "N/A",
        "conditionId": "0xe986a6eb382842e20ef258af982525779d01a1d1a7d58700c42364da8c43e838"
    },
    {
        "market_question": "Will Sport Lisboa e Benfica win on 2026-01-28?",
        "outcome": "No",
        "side": "BUY",
        "price": 0.46,
        "size": 5000.0,
        "volume_usd": 2300.0,
        "timestamp": 1769634068,
        "date": "2026-01-29 05:01:08",
        "transaction_hash": "0x805fd9a6a72abb4517788f96f045dc85e3ae298c9e14aa4af17bd40fdeed67fa",
        "maker_address": "N/A",
        "conditionId": "0xe986a6eb382842e20ef258af982525779d01a1d1a7d58700c42364da8c43e838"
    },
    {
        "market_question": "Will Sport Lisboa e Benfica win on 2026-01-28?",
        "outcome": "Yes",
        "side": "BUY",
        "price": 0.54,
        "size": 9654.67,
        "volume_usd": 5213.5218,
        "timestamp": 1769634058,
        "date": "2026-01-29 05:00:58",
        "transaction_hash": "0x4e9f347e8a943838ea9ef60c05167854f48341d42941f531d71193ba367501b1",
        "maker_address": "N/A",
        "conditionId": "0xe986a6eb382842e20ef258af982525779d01a1d1a7d58700c42364da8c43e838"
    },
    {
        "market_question": "Will Sport Lisboa e Benfica win on 2026-01-28?",
        "outcome": "No",
        "side": "BUY",
        "price": 0.46,
        "size": 6030.0,
        "volume_usd": 2773.8,
        "timestamp": 1769634038,
        "date": "2026-01-29 05:00:38",
        "transaction_hash": "0xc009fd7641931ab9ac884de93a83ac01eb08b5c2bfb98a5b20d8e5a4bb7cb9b8",
        "maker_address": "N/A",
        "conditionId": "0xe986a6eb382842e20ef258af982525779d01a1d1a7d58700c42364da8c43e838"
    },
    {
        "market_question": "Will Sport Lisboa e Benfica win on 2026-01-28?",
        "outcome": "Yes",
        "side": "BUY",
        "price": 0.54,
        "size": 7744.64,
        "volume_usd": 4182.105600000001,
        "timestamp": 1769634036,
        "date": "2026-01-29 05:00:36",
        "transaction_hash": "0x3986b015dce634409d186d458d4b565bc191b3b42a25ddef465a047d9ad1930f",
        "maker_address": "N/A",
        "conditionId": "0xe986a6eb382842e20ef258af982525779d01a1d1a7d58700c42364da8c43e838"
    },
    {
        "market_question": "Will Sport Lisboa e Benfica win on 2026-01-28?",
        "outcome": "No",
        "side": "SELL",
        "price": 0.46,
        "size": 4000.0,
        "volume_usd": 1840.0,
        "timestamp": 1769634028,
        "date": "2026-01-29 05:00:28",
        "transaction_hash": "0xd6bbea532979d296b0211331d81a8ca51c05bfa6dc16bbcd854eb4960dd645a2",
        "maker_address": "N/A",
        "conditionId": "0xe986a6eb382842e20ef258af982525779d01a1d1a7d58700c42364da8c43e838"
    },
    {
        "market_question": "Will Sport Lisboa e Benfica win on 2026-01-28?",
        "outcome": "Yes",
        "side": "BUY",
        "price": 0.54,
        "size": 25000.0,
        "volume_usd": 13500.0,
        "timestamp": 1769634006,
        "date": "2026-01-29 05:00:06",
        "transaction_hash": "0x2b5a264500a589696c1b661869d653f34fa282043027539dd38abf5ebc164ff9",
        "maker_address": "N/A",
        "conditionId": "0xe986a6eb382842e20ef258af982525779d01a1d1a7d58700c42364da8c43e838"
    },
    {
        "market_question": "Will Sport Lisboa e Benfica win on 2026-01-28?",
        "outcome": "Yes",
        "side": "BUY",
        "price": 0.54,
        "size": 25000.0,
        "volume_usd": 13500.0,
        "timestamp": 1769633994,
        "date": "2026-01-29 04:59:54",
        "transaction_hash": "0x227f0c6eb42df9ad8b65a6ae45c27fa76f77bb81944df2f2eaad5595967bad6c",
        "maker_address": "N/A",
        "conditionId": "0xe986a6eb382842e20ef258af982525779d01a1d1a7d58700c42364da8c43e838"
    },
    {
        "market_question": "Will Sport Lisboa e Benfica win on 2026-01-28?",
        "outcome": "No",
        "side": "BUY",
        "price": 0.46,
        "size": 23000.0,
        "volume_usd": 10580.0,
        "timestamp": 1769633972,
        "date": "2026-01-29 04:59:32",
        "transaction_hash": "0xdebd83367120f986a9ea0e44a3400b84c7f73fd639de737e436661cbca75e0fb",
        "maker_address": "N/A",
        "conditionId": "0xe986a6eb382842e20ef258af982525779d01a1d1a7d58700c42364da8c43e838"
    },
    {
        "market_question": "Will Sport Lisboa e Benfica win on 2026-01-28?",
        "outcome": "Yes",
        "side": "BUY",
        "price": 0.54,
        "size": 26085.33,
        "volume_usd": 14086.078200000002,
        "timestamp": 1769633970,
        "date": "2026-01-29 04:59:30",
        "transaction_hash": "0x154d914296a6904f71498ea2a1715700131c9442f890f8bc1d569f6413a6fcf1",
        "maker_address": "N/A",
        "conditionId": "0xe986a6eb382842e20ef258af982525779d01a1d1a7d58700c42364da8c43e838"
    },
    {
        "market_question": "Will Sport Lisboa e Benfica win on 2026-01-28?",
        "outcome": "No",
        "side": "BUY",
        "price": 0.46,
        "size": 5207.41,
        "volume_usd": 2395.4086,
        "timestamp": 1769633952,
        "date": "2026-01-29 04:59:12",
        "transaction_hash": "0x36ad2fcceee6d855defceff193dd5cdc0043f7553cc06e99c2f2e39d6a7aeeb4",
        "maker_address": "N/A",
        "conditionId": "0xe986a6eb382842e20ef258af982525779d01a1d1a7d58700c42364da8c43e838"
    },
    {
        "market_question": "Will Sport Lisboa e Benfica win on 2026-01-28?",
        "outcome": "No",
        "side": "BUY",
        "price": 0.46,
        "size": 3000.68,
        "volume_usd": 1380.3128,
        "timestamp": 1769633952,
        "date": "2026-01-29 04:59:12",
        "transaction_hash": "0xe3cf2ccc0b11857f54fe7dee023baa9b02058745e78a76f77f4c4c7f9f667abf",
        "maker_address": "N/A",
        "conditionId": "0xe986a6eb382842e20ef258af982525779d01a1d1a7d58700c42364da8c43e838"
    },
    {
        "market_question": "Will Sport Lisboa e Benfica win on 2026-01-28?",
        "outcome": "No",
        "side": "BUY",
        "price": 0.46,
        "size": 8218.0,
        "volume_usd": 3780.28,
        "timestamp": 1769633950,
        "date": "2026-01-29 04:59:10",
        "transaction_hash": "0x5fa9e0217d597d068190548d287fe2d40150b6081f79b63af2047a0d38ff7485",
        "maker_address": "N/A",
        "conditionId": "0xe986a6eb382842e20ef258af982525779d01a1d1a7d58700c42364da8c43e838"
    },
    {
        "market_question": "Will Sport Lisboa e Benfica win on 2026-01-28?",
        "outcome": "No",
        "side": "BUY",
        "price": 0.46,
        "size": 5503.7,
        "volume_usd": 2531.702,
        "timestamp": 1769633950,
        "date": "2026-01-29 04:59:10",
        "transaction_hash": "0xb279ec1c23aa0340f1df1847c8bfd127ca675a55e7691e3a7bf75f5681f09725",
        "maker_address": "N/A",
        "conditionId": "0xe986a6eb382842e20ef258af982525779d01a1d1a7d58700c42364da8c43e838"
    },
    {
        "market_question": "Will Sport Lisboa e Benfica win on 2026-01-28?",
        "outcome": "Yes",
        "side": "BUY",
        "price": 0.54,
        "size": 20824.44,
        "volume_usd": 11245.1976,
        "timestamp": 1769633948,
        "date": "2026-01-29 04:59:08",
        "transaction_hash": "0xabe32bc0158571b2cd790afbc2fe2d82c2777fa3034c6f386d9a032116412303",
        "maker_address": "N/A",
        "conditionId": "0xe986a6eb382842e20ef258af982525779d01a1d1a7d58700c42364da8c43e838"
    },
    {
        "market_question": "Will Sport Lisboa e Benfica win on 2026-01-28?",
        "outcome": "Yes",
        "side": "BUY",
        "price": 0.538370698,
        "size": 50000.0,
        "volume_usd": 26918.534900000002,
        "timestamp": 1769633910,
        "date": "2026-01-29 04:58:30",
        "transaction_hash": "0x36142fa60bf54fb0d928d0c683c2f2f02a7b901b69466c38fd3c19d16d2e5c92",
        "maker_address": "N/A",
        "conditionId": "0xe986a6eb382842e20ef258af982525779d01a1d1a7d58700c42364da8c43e838"
    },
    {
        "market_question": "Will Sport Lisboa e Benfica win on 2026-01-28?",
        "outcome": "Yes",
        "side": "BUY",
        "price": 0.53,
        "size": 20000.0,
        "volume_usd": 10600.0,
        "timestamp": 1769633890,
        "date": "2026-01-29 04:58:10",
        "transaction_hash": "0xa7a3f05d608c2dc42d488bc36298b4d074811f6d986ed77885dd0e94eaaa0975",
        "maker_address": "N/A",
        "conditionId": "0xe986a6eb382842e20ef258af982525779d01a1d1a7d58700c42364da8c43e838"
    },
    {
        "market_question": "Will Sport Lisboa e Benfica win on 2026-01-28?",
        "outcome": "Yes",
        "side": "BUY",
        "price": 0.53,
        "size": 25000.0,
        "volume_usd": 13250.0,
        "timestamp": 1769633880,
        "date": "2026-01-29 04:58:00",
        "transaction_hash": "0x0bbaa5c761bfdf26f43e01b745f4a7aa19f84459d816511ff51071243092fab4",
        "maker_address": "N/A",
        "conditionId": "0xe986a6eb382842e20ef258af982525779d01a1d1a7d58700c42364da8c43e838"
    },
    {
        "market_question": "Will Sport Lisboa e Benfica win on 2026-01-28?",
        "outcome": "Yes",
        "side": "BUY",
        "price": 0.53,
        "size": 10000.0,
        "volume_usd": 5300.0,
        "timestamp": 1769633876,
        "date": "2026-01-29 04:57:56",
        "transaction_hash": "0x69f61e6ff6a6721c6c0ff3e9deeaf276563cf9c029363bb6b1cfadb7f1671696",
        "maker_address": "N/A",
        "conditionId": "0xe986a6eb382842e20ef258af982525779d01a1d1a7d58700c42364da8c43e838"
    },
    {
        "market_question": "Will Real Madrid CF win on 2026-01-28?",
        "outcome": "Yes",
        "side": "BUY",
        "price": 0.22385400257943555,
        "size": 22157.298694,
        "volume_usd": 4959.999999000001,
        "timestamp": 1769633864,
        "date": "2026-01-29 04:57:44",
        "transaction_hash": "0xf96ce2a0741e97072f18ac52f2a83b0bb8fe0693a43371093f3506dd2959e982",
        "maker_address": "N/A",
        "conditionId": "0xea49f0969abc80cf7ddbc9d3435c81d3a63cc6b73ebf8d6420f59b0557cf188e"
    },
    {
        "market_question": "Will Sport Lisboa e Benfica win on 2026-01-28?",
        "outcome": "Yes",
        "side": "BUY",
        "price": 0.53,
        "size": 25000.0,
        "volume_usd": 13250.0,
        "timestamp": 1769633842,
        "date": "2026-01-29 04:57:22",
        "transaction_hash": "0x59044d553982ba7d7905bb0e4851aec7c6fbf281a9486cc2dcc5cbef2ad2077f",
        "maker_address": "N/A",
        "conditionId": "0xe986a6eb382842e20ef258af982525779d01a1d1a7d58700c42364da8c43e838"
    },
    {
        "market_question": "Will Real Madrid CF win on 2026-01-28?",
        "outcome": "Yes",
        "side": "SELL",
        "price": 0.19035591986018702,
        "size": 29605.26,
        "volume_usd": 5635.5365,
        "timestamp": 1769633540,
        "date": "2026-01-29 04:52:20",
        "transaction_hash": "0xf2d324ca98429804de18124be7822dc09664286aaaba770b8e45c4cbc0e43a88",
        "maker_address": "N/A",
        "conditionId": "0xea49f0969abc80cf7ddbc9d3435c81d3a63cc6b73ebf8d6420f59b0557cf188e"
    },
    {
        "market_question": "Will Sport Lisboa e Benfica win on 2026-01-28?",
        "outcome": "Yes",
        "side": "SELL",
        "price": 0.54,
        "size": 2122.41,
        "volume_usd": 1146.1014,
        "timestamp": 1769633524,
        "date": "2026-01-29 04:52:04",
        "transaction_hash": "0x82504b5f5d51e72c9eee08aba509f6583fce24a0fe9a7b4e4fe5472c394f724c",
        "maker_address": "N/A",
        "conditionId": "0xe986a6eb382842e20ef258af982525779d01a1d1a7d58700c42364da8c43e838"
    },
    {
        "market_question": "Will Real Madrid CF win on 2026-01-28?",
        "outcome": "Yes",
        "side": "SELL",
        "price": 0.11451202799571034,
        "size": 8858.5,
        "volume_usd": 1014.4048,
        "timestamp": 1769633470,
        "date": "2026-01-29 04:51:10",
        "transaction_hash": "0xd28004c70ac79783ec8f6e96c3b80a5496c95b262ec9a76e049a648c47c7bb7d",
        "maker_address": "N/A",
        "conditionId": "0xea49f0969abc80cf7ddbc9d3435c81d3a63cc6b73ebf8d6420f59b0557cf188e"
    },
    {
        "market_question": "Will Sport Lisboa e Benfica win on 2026-01-28?",
        "outcome": "Yes",
        "side": "BUY",
        "price": 0.6054573361697673,
        "size": 1982.303172,
        "volume_usd": 1200.1999979999998,
        "timestamp": 1769633428,
        "date": "2026-01-29 04:50:28",
        "transaction_hash": "0x4db9e94d83254ed31a94831a56449f1a1b9fff7b14f1c59a387af10fa386a54b",
        "maker_address": "N/A",
        "conditionId": "0xe986a6eb382842e20ef258af982525779d01a1d1a7d58700c42364da8c43e838"
    },
    {
        "market_question": "Will Sport Lisboa e Benfica win on 2026-01-28?",
        "outcome": "Yes",
        "side": "SELL",
        "price": 0.4112074441557078,
        "size": 5714.55,
        "volume_usd": 2349.8655000000003,
        "timestamp": 1769633378,
        "date": "2026-01-29 04:49:38",
        "transaction_hash": "0xd68d2b7e5ea01a1a7ea4096c2418c3cf5a5134591ba7da3b66553b66b2935d90",
        "maker_address": "N/A",
        "conditionId": "0xe986a6eb382842e20ef258af982525779d01a1d1a7d58700c42364da8c43e838"
    },
    {
        "market_question": "Will Real Madrid CF win on 2026-01-28?",
        "outcome": "Yes",
        "side": "SELL",
        "price": 0.4,
        "size": 4874.54,
        "volume_usd": 1949.816,
        "timestamp": 1769633222,
        "date": "2026-01-29 04:47:02",
        "transaction_hash": "0x69007bddfca07ba9b8bc00183e3e075709e4de889b6fbf61ba45c8a65fd28079",
        "maker_address": "N/A",
        "conditionId": "0xea49f0969abc80cf7ddbc9d3435c81d3a63cc6b73ebf8d6420f59b0557cf188e"
    },
    {
        "market_question": "Will Sport Lisboa e Benfica win on 2026-01-28?",
        "outcome": "No",
        "side": "BUY",
        "price": 0.7299999998102702,
        "size": 1370.369862,
        "volume_usd": 1000.369999,
        "timestamp": 1769632878,
        "date": "2026-01-29 04:41:18",
        "transaction_hash": "0xc6422e00d35bfc535b78355b4455baa4f14b4db98e7d0846cf4ef55c1b687727",
        "maker_address": "N/A",
        "conditionId": "0xe986a6eb382842e20ef258af982525779d01a1d1a7d58700c42364da8c43e838"
    },
    {
        "market_question": "Will Sport Lisboa e Benfica win on 2026-01-28?",
        "outcome": "No",
        "side": "BUY",
        "price": 0.63,
        "size": 5239.29,
        "volume_usd": 3300.7527,
        "timestamp": 1769632832,
        "date": "2026-01-29 04:40:32",
        "transaction_hash": "0x428c0af79d500d17e543e3e2175ffe532e9ed373e98d7abfec3de77d8a04541f",
        "maker_address": "N/A",
        "conditionId": "0xe986a6eb382842e20ef258af982525779d01a1d1a7d58700c42364da8c43e838"
    },
    {
        "market_question": "Will Sport Lisboa e Benfica win on 2026-01-28?",
        "outcome": "No",
        "side": "BUY",
        "price": 0.63,
        "size": 2306.78,
        "volume_usd": 1453.2714,
        "timestamp": 1769632832,
        "date": "2026-01-29 04:40:32",
        "transaction_hash": "0xf0bea3b822d6f96efe645af2cb82c3405a56b89faf58f96b42cf09b54fb4a4ea",
        "maker_address": "N/A",
        "conditionId": "0xe986a6eb382842e20ef258af982525779d01a1d1a7d58700c42364da8c43e838"
    },
    {
        "market_question": "Will Sport Lisboa e Benfica win on 2026-01-28?",
        "outcome": "No",
        "side": "BUY",
        "price": 0.63,
        "size": 1628.29,
        "volume_usd": 1025.8227,
        "timestamp": 1769632832,
        "date": "2026-01-29 04:40:32",
        "transaction_hash": "0x34015074db9d74ed33b43e89d531443e61f7303752911aee83c0dac7638cf1aa",
        "maker_address": "N/A",
        "conditionId": "0xe986a6eb382842e20ef258af982525779d01a1d1a7d58700c42364da8c43e838"
    },
    {
        "market_question": "Will Real Madrid CF win on 2026-01-28?",
        "outcome": "No",
        "side": "BUY",
        "price": 0.5872142920946851,
        "size": 4478.0,
        "volume_usd": 2629.5456,
        "timestamp": 1769632830,
        "date": "2026-01-29 04:40:30",
        "transaction_hash": "0x78eb2c17d05af4d903a5cb3c30eddfc98cbb677a32c6d79345b6333ee7986416",
        "maker_address": "N/A",
        "conditionId": "0xea49f0969abc80cf7ddbc9d3435c81d3a63cc6b73ebf8d6420f59b0557cf188e"
    },
    {
        "market_question": "Will Real Madrid CF win on 2026-01-28?",
        "outcome": "No",
        "side": "BUY",
        "price": 0.6038531710585082,
        "size": 4478.0,
        "volume_usd": 2704.0544999999997,
        "timestamp": 1769632830,
        "date": "2026-01-29 04:40:30",
        "transaction_hash": "0x0d444cff81602dfc636c4a266b67f7d22b543bdb31065de09a3ec163ea895405",
        "maker_address": "N/A",
        "conditionId": "0xea49f0969abc80cf7ddbc9d3435c81d3a63cc6b73ebf8d6420f59b0557cf188e"
    },
    {
        "market_question": "Will Sport Lisboa e Benfica win on 2026-01-28?",
        "outcome": "Yes",
        "side": "BUY",
        "price": 0.3012176223948699,
        "size": 8109.0,
        "volume_usd": 2442.5737,
        "timestamp": 1769632828,
        "date": "2026-01-29 04:40:28",
        "transaction_hash": "0xb8d370d1e4df48ff4084521786ddf2880a33873489fd01c662d348a447dc04b5",
        "maker_address": "N/A",
        "conditionId": "0xe986a6eb382842e20ef258af982525779d01a1d1a7d58700c42364da8c43e838"
    },
    {
        "market_question": "Will Real Madrid CF win on 2026-01-28?",
        "outcome": "Yes",
        "side": "BUY",
        "price": 0.7187830890268235,
        "size": 5977.923053,
        "volume_usd": 4296.829998,
        "timestamp": 1769632456,
        "date": "2026-01-29 04:34:16",
        "transaction_hash": "0x56b4350fde9a07bfb3ea5d2231a6b2e7fde679664f6ea97d8326a294bc8023f5",
        "maker_address": "N/A",
        "conditionId": "0xea49f0969abc80cf7ddbc9d3435c81d3a63cc6b73ebf8d6420f59b0557cf188e"
    },
    {
        "market_question": "Will Real Madrid CF win on 2026-01-28?",
        "outcome": "Yes",
        "side": "BUY",
        "price": 0.7,
        "size": 2735.16,
        "volume_usd": 1914.6119999999999,
        "timestamp": 1769632422,
        "date": "2026-01-29 04:33:42",
        "transaction_hash": "0xf161d911b4507c5dd3fdad6bf778fe5a148782eb3e77ebb85b560c6288ac8e7a",
        "maker_address": "N/A",
        "conditionId": "0xea49f0969abc80cf7ddbc9d3435c81d3a63cc6b73ebf8d6420f59b0557cf188e"
    },
    {
        "market_question": "Will Real Madrid CF win on 2026-01-28?",
        "outcome": "Yes",
        "side": "BUY",
        "price": 0.69973905,
        "size": 2000.0,
        "volume_usd": 1399.4781,
        "timestamp": 1769632402,
        "date": "2026-01-29 04:33:22",
        "transaction_hash": "0xd25f4123b5a92ed568dc895eb457845444bb8235fabcdde59dab86faa2c8c695",
        "maker_address": "N/A",
        "conditionId": "0xea49f0969abc80cf7ddbc9d3435c81d3a63cc6b73ebf8d6420f59b0557cf188e"
    },
    {
        "market_question": "Will Real Madrid CF win on 2026-01-28?",
        "outcome": "Yes",
        "side": "BUY",
        "price": 0.47998400046930917,
        "size": 3125.104165,
        "volume_usd": 1499.9999990000001,
        "timestamp": 1769632014,
        "date": "2026-01-29 04:26:54",
        "transaction_hash": "0x21855b498d14ea9f9686b06c6d5ee14c3de28dc3107010f71344fc7f9e23c65e",
        "maker_address": "N/A",
        "conditionId": "0xea49f0969abc80cf7ddbc9d3435c81d3a63cc6b73ebf8d6420f59b0557cf188e"
    },
    {
        "market_question": "Will Real Madrid CF win on 2026-01-28?",
        "outcome": "Yes",
        "side": "BUY",
        "price": 0.48,
        "size": 3571.16,
        "volume_usd": 1714.1568,
        "timestamp": 1769631948,
        "date": "2026-01-29 04:25:48",
        "transaction_hash": "0x4bf6511c930d72f3b2525f421d35c3c5e525b2a8443c60caffcb068f153d8776",
        "maker_address": "N/A",
        "conditionId": "0xea49f0969abc80cf7ddbc9d3435c81d3a63cc6b73ebf8d6420f59b0557cf188e"
    },
    {
        "market_question": "Will Real Madrid CF win on 2026-01-28?",
        "outcome": "Yes",
        "side": "BUY",
        "price": 0.4976003191704141,
        "size": 5025.137448,
        "volume_usd": 2500.5099980000005,
        "timestamp": 1769631938,
        "date": "2026-01-29 04:25:38",
        "transaction_hash": "0x76fbdabdf2530bc0f2c09d5d13f1109931dffdb65b96743a89c818d850447c86",
        "maker_address": "N/A",
        "conditionId": "0xea49f0969abc80cf7ddbc9d3435c81d3a63cc6b73ebf8d6420f59b0557cf188e"
    },
    {
        "market_question": "Will Sport Lisboa e Benfica win on 2026-01-28?",
        "outcome": "Yes",
        "side": "SELL",
        "price": 0.22344845331682686,
        "size": 6898.31,
        "volume_usd": 1541.4167,
        "timestamp": 1769631788,
        "date": "2026-01-29 04:23:08",
        "transaction_hash": "0x4936106ed869aa1b22bf24122852338422f85390151357649c110803c4062456",
        "maker_address": "N/A",
        "conditionId": "0xe986a6eb382842e20ef258af982525779d01a1d1a7d58700c42364da8c43e838"
    },
    {
        "market_question": "Will Sport Lisboa e Benfica win on 2026-01-28?",
        "outcome": "No",
        "side": "SELL",
        "price": 0.75,
        "size": 4282.0,
        "volume_usd": 3211.5,
        "timestamp": 1769631734,
        "date": "2026-01-29 04:22:14",
        "transaction_hash": "0xc507031b66529359ecaded500c353c56e19cabf6251d36132c04ec66c85b88b4",
        "maker_address": "N/A",
        "conditionId": "0xe986a6eb382842e20ef258af982525779d01a1d1a7d58700c42364da8c43e838"
    },
    {
        "market_question": "Will Sport Lisboa e Benfica win on 2026-01-28?",
        "outcome": "No",
        "side": "SELL",
        "price": 0.78,
        "size": 2060.0,
        "volume_usd": 1606.8,
        "timestamp": 1769631656,
        "date": "2026-01-29 04:20:56",
        "transaction_hash": "0x3fca8e1b5625fbfc75b5d2be6797848a79bcfb839d330a40b73e43c2419427e1",
        "maker_address": "N/A",
        "conditionId": "0xe986a6eb382842e20ef258af982525779d01a1d1a7d58700c42364da8c43e838"
    },
    {
        "market_question": "Will Real Madrid CF win on 2026-01-28?",
        "outcome": "Yes",
        "side": "BUY",
        "price": 0.54,
        "size": 5800.56,
        "volume_usd": 3132.3024000000005,
        "timestamp": 1769631654,
        "date": "2026-01-29 04:20:54",
        "transaction_hash": "0xf32cec77f3ff6e3abf5d5b3e644c56710a5d12ab3fa322a520e790c420462035",
        "maker_address": "N/A",
        "conditionId": "0xea49f0969abc80cf7ddbc9d3435c81d3a63cc6b73ebf8d6420f59b0557cf188e"
    },
    {
        "market_question": "Will Sport Lisboa e Benfica win on 2026-01-28?",
        "outcome": "Yes",
        "side": "BUY",
        "price": 0.36,
        "size": 4120.0,
        "volume_usd": 1483.2,
        "timestamp": 1769631454,
        "date": "2026-01-29 04:17:34",
        "transaction_hash": "0xbe2bf92b95f5db70bbae7bf0e3fcec8d4791f38df7fc1e99720f7e7652157d3d",
        "maker_address": "N/A",
        "conditionId": "0xe986a6eb382842e20ef258af982525779d01a1d1a7d58700c42364da8c43e838"
    },
    {
        "market_question": "Will Real Madrid CF win on 2026-01-28?",
        "outcome": "Yes",
        "side": "BUY",
        "price": 0.53999999997408,
        "size": 4629.629628,
        "volume_usd": 2499.9999989999997,
        "timestamp": 1769631160,
        "date": "2026-01-29 04:12:40",
        "transaction_hash": "0x1975ca756f1dad014f3b75d10aee5c6bb3e10e9b7659d6c4be80206d9d8a2c22",
        "maker_address": "N/A",
        "conditionId": "0xea49f0969abc80cf7ddbc9d3435c81d3a63cc6b73ebf8d6420f59b0557cf188e"
    },
    {
        "market_question": "Will Real Madrid CF win on 2026-01-28?",
        "outcome": "Yes",
        "side": "BUY",
        "price": 0.5400052628185356,
        "size": 9181.392,
        "volume_usd": 4958.0,
        "timestamp": 1769631030,
        "date": "2026-01-29 04:10:30",
        "transaction_hash": "0x5c63c19928d85f8d1737c1249a186b29da84c64ba4a504307f6b9bd84a14ddeb",
        "maker_address": "N/A",
        "conditionId": "0xea49f0969abc80cf7ddbc9d3435c81d3a63cc6b73ebf8d6420f59b0557cf188e"
    },
    {
        "market_question": "Will Real Madrid CF win on 2026-01-28?",
        "outcome": "No",
        "side": "BUY",
        "price": 0.47817553082564535,
        "size": 5228.205625,
        "volume_usd": 2499.9999999999995,
        "timestamp": 1769630990,
        "date": "2026-01-29 04:09:50",
        "transaction_hash": "0x684d9e91ed34d05873babd999b2ebb0cd2096b23772ec1f37bf6c79a7e1b0b7a",
        "maker_address": "N/A",
        "conditionId": "0xea49f0969abc80cf7ddbc9d3435c81d3a63cc6b73ebf8d6420f59b0557cf188e"
    },
    {
        "market_question": "Will Real Madrid CF win on 2026-01-28?",
        "outcome": "Yes",
        "side": "BUY",
        "price": 0.54,
        "size": 2059.53,
        "volume_usd": 1112.1462000000001,
        "timestamp": 1769630936,
        "date": "2026-01-29 04:08:56",
        "transaction_hash": "0x87218fc9f0eb715655250936863e5cbdd12f96a1da66a4ba06830b6391489f84",
        "maker_address": "N/A",
        "conditionId": "0xea49f0969abc80cf7ddbc9d3435c81d3a63cc6b73ebf8d6420f59b0557cf188e"
    },
    {
        "market_question": "Will Real Madrid CF win on 2026-01-28?",
        "outcome": "No",
        "side": "BUY",
        "price": 0.45,
        "size": 2501.73,
        "volume_usd": 1125.7785000000001,
        "timestamp": 1769630746,
        "date": "2026-01-29 04:05:46",
        "transaction_hash": "0x5dddb0bddca5d36469b705f0bacc3ccfd1e7ccdcff09361d943ace6af66729d9",
        "maker_address": "N/A",
        "conditionId": "0xea49f0969abc80cf7ddbc9d3435c81d3a63cc6b73ebf8d6420f59b0557cf188e"
    },
    {
        "market_question": "Will Sport Lisboa e Benfica win on 2026-01-28?",
        "outcome": "No",
        "side": "BUY",
        "price": 0.79,
        "size": 2013.0,
        "volume_usd": 1590.27,
        "timestamp": 1769630636,
        "date": "2026-01-29 04:03:56",
        "transaction_hash": "0x1af2ab74f9f02ea5f4d651ec9f5c35a25b39dc36af96c656f3e2b6fd400abebc",
        "maker_address": "N/A",
        "conditionId": "0xe986a6eb382842e20ef258af982525779d01a1d1a7d58700c42364da8c43e838"
    },
    {
        "market_question": "Will Real Madrid CF win on 2026-01-28?",
        "outcome": "No",
        "side": "SELL",
        "price": 0.4325047799036291,
        "size": 9963.59,
        "volume_usd": 4309.3003,
        "timestamp": 1769630386,
        "date": "2026-01-29 03:59:46",
        "transaction_hash": "0xfc3805a18cf075447c1c66ba44cf5708fa338d64c92a9a04c0ac63f1fb969441",
        "maker_address": "N/A",
        "conditionId": "0xea49f0969abc80cf7ddbc9d3435c81d3a63cc6b73ebf8d6420f59b0557cf188e"
    },
    {
        "market_question": "Will Real Madrid CF win on 2026-01-28?",
        "outcome": "Yes",
        "side": "BUY",
        "price": 0.56999999999582,
        "size": 52631.578946,
        "volume_usd": 29999.999999,
        "timestamp": 1769630364,
        "date": "2026-01-29 03:59:24",
        "transaction_hash": "0x6d88bb294cf804da27b31e8e2a88bfcac686f44a8ffeefb2a8f009a8e9ea020b",
        "maker_address": "N/A",
        "conditionId": "0xea49f0969abc80cf7ddbc9d3435c81d3a63cc6b73ebf8d6420f59b0557cf188e"
    },
    {
        "market_question": "Will Real Madrid CF win on 2026-01-28?",
        "outcome": "Yes",
        "side": "BUY",
        "price": 0.56,
        "size": 118397.9,
        "volume_usd": 66302.82400000001,
        "timestamp": 1769630332,
        "date": "2026-01-29 03:58:52",
        "transaction_hash": "0x8b5255c42db0512d64d32a90e5b26e53ac4d2e9b39b17dd4623899844cb9cdce",
        "maker_address": "N/A",
        "conditionId": "0xea49f0969abc80cf7ddbc9d3435c81d3a63cc6b73ebf8d6420f59b0557cf188e"
    },
    {
        "market_question": "Will Real Madrid CF win on 2026-01-28?",
        "outcome": "Yes",
        "side": "BUY",
        "price": 0.56,
        "size": 5686.0,
        "volume_usd": 3184.1600000000003,
        "timestamp": 1769630314,
        "date": "2026-01-29 03:58:34",
        "transaction_hash": "0x7a325625ebf0027bd00e59e141ee451ed78fa876ce0cdd5bb13fdb29d7df9383",
        "maker_address": "N/A",
        "conditionId": "0xea49f0969abc80cf7ddbc9d3435c81d3a63cc6b73ebf8d6420f59b0557cf188e"
    },
    {
        "market_question": "Will Real Madrid CF win on 2026-01-28?",
        "outcome": "Yes",
        "side": "BUY",
        "price": 0.56,
        "size": 38402.0,
        "volume_usd": 21505.120000000003,
        "timestamp": 1769630230,
        "date": "2026-01-29 03:57:10",
        "transaction_hash": "0x180b905a3f0d5f82719fb49ec2c3e85d9425b18e97bfce07bbcb5c88768bbb30",
        "maker_address": "N/A",
        "conditionId": "0xea49f0969abc80cf7ddbc9d3435c81d3a63cc6b73ebf8d6420f59b0557cf188e"
    },
    {
        "market_question": "Will Real Madrid CF win on 2026-01-28?",
        "outcome": "Yes",
        "side": "BUY",
        "price": 0.56,
        "size": 11598.0,
        "volume_usd": 6494.880000000001,
        "timestamp": 1769630230,
        "date": "2026-01-29 03:57:10",
        "transaction_hash": "0x2c8817adaa1ea67848ca3997a49899011c4c40026d7733331a08dfafd9dbea62",
        "maker_address": "N/A",
        "conditionId": "0xea49f0969abc80cf7ddbc9d3435c81d3a63cc6b73ebf8d6420f59b0557cf188e"
    },
    {
        "market_question": "Will Real Madrid CF win on 2026-01-28?",
        "outcome": "Yes",
        "side": "BUY",
        "price": 0.56,
        "size": 2009.0,
        "volume_usd": 1125.0400000000002,
        "timestamp": 1769630216,
        "date": "2026-01-29 03:56:56",
        "transaction_hash": "0x193d9ab8ff8c9cbbd1e62401a3136b019a6f9225229a3a6416063f299c81bacc",
        "maker_address": "N/A",
        "conditionId": "0xea49f0969abc80cf7ddbc9d3435c81d3a63cc6b73ebf8d6420f59b0557cf188e"
    },
    {
        "market_question": "Will Real Madrid CF win on 2026-01-28?",
        "outcome": "Yes",
        "side": "BUY",
        "price": 0.56,
        "size": 2009.0,
        "volume_usd": 1125.0400000000002,
        "timestamp": 1769630216,
        "date": "2026-01-29 03:56:56",
        "transaction_hash": "0x193d9ab8ff8c9cbbd1e62401a3136b019a6f9225229a3a6416063f299c81bacc",
        "maker_address": "N/A",
        "conditionId": "0xea49f0969abc80cf7ddbc9d3435c81d3a63cc6b73ebf8d6420f59b0557cf188e"
    },
    {
        "market_question": "Will Real Madrid CF win on 2026-01-28?",
        "outcome": "Yes",
        "side": "BUY",
        "price": 0.56,
        "size": 2009.0,
        "volume_usd": 1125.0400000000002,
        "timestamp": 1769630216,
        "date": "2026-01-29 03:56:56",
        "transaction_hash": "0x193d9ab8ff8c9cbbd1e62401a3136b019a6f9225229a3a6416063f299c81bacc",
        "maker_address": "N/A",
        "conditionId": "0xea49f0969abc80cf7ddbc9d3435c81d3a63cc6b73ebf8d6420f59b0557cf188e"
    },
    {
        "market_question": "Will Real Madrid CF win on 2026-01-28?",
        "outcome": "Yes",
        "side": "BUY",
        "price": 0.56,
        "size": 2009.0,
        "volume_usd": 1125.0400000000002,
        "timestamp": 1769630216,
        "date": "2026-01-29 03:56:56",
        "transaction_hash": "0x193d9ab8ff8c9cbbd1e62401a3136b019a6f9225229a3a6416063f299c81bacc",
        "maker_address": "N/A",
        "conditionId": "0xea49f0969abc80cf7ddbc9d3435c81d3a63cc6b73ebf8d6420f59b0557cf188e"
    },
    {
        "market_question": "Will Real Madrid CF win on 2026-01-28?",
        "outcome": "Yes",
        "side": "BUY",
        "price": 0.56,
        "size": 2009.0,
        "volume_usd": 1125.0400000000002,
        "timestamp": 1769630216,
        "date": "2026-01-29 03:56:56",
        "transaction_hash": "0x193d9ab8ff8c9cbbd1e62401a3136b019a6f9225229a3a6416063f299c81bacc",
        "maker_address": "N/A",
        "conditionId": "0xea49f0969abc80cf7ddbc9d3435c81d3a63cc6b73ebf8d6420f59b0557cf188e"
    },
    {
        "market_question": "Will Real Madrid CF win on 2026-01-28?",
        "outcome": "Yes",
        "side": "BUY",
        "price": 0.56,
        "size": 2009.0,
        "volume_usd": 1125.0400000000002,
        "timestamp": 1769630216,
        "date": "2026-01-29 03:56:56",
        "transaction_hash": "0x193d9ab8ff8c9cbbd1e62401a3136b019a6f9225229a3a6416063f299c81bacc",
        "maker_address": "N/A",
        "conditionId": "0xea49f0969abc80cf7ddbc9d3435c81d3a63cc6b73ebf8d6420f59b0557cf188e"
    },
    {
        "market_question": "Will Real Madrid CF win on 2026-01-28?",
        "outcome": "Yes",
        "side": "BUY",
        "price": 0.56,
        "size": 2009.0,
        "volume_usd": 1125.0400000000002,
        "timestamp": 1769630216,
        "date": "2026-01-29 03:56:56",
        "transaction_hash": "0x193d9ab8ff8c9cbbd1e62401a3136b019a6f9225229a3a6416063f299c81bacc",
        "maker_address": "N/A",
        "conditionId": "0xea49f0969abc80cf7ddbc9d3435c81d3a63cc6b73ebf8d6420f59b0557cf188e"
    },
    {
        "market_question": "Will Real Madrid CF win on 2026-01-28?",
        "outcome": "Yes",
        "side": "BUY",
        "price": 0.56,
        "size": 2009.0,
        "volume_usd": 1125.0400000000002,
        "timestamp": 1769630216,
        "date": "2026-01-29 03:56:56",
        "transaction_hash": "0x193d9ab8ff8c9cbbd1e62401a3136b019a6f9225229a3a6416063f299c81bacc",
        "maker_address": "N/A",
        "conditionId": "0xea49f0969abc80cf7ddbc9d3435c81d3a63cc6b73ebf8d6420f59b0557cf188e"
    },
    {
        "market_question": "Will Real Madrid CF win on 2026-01-28?",
        "outcome": "Yes",
        "side": "SELL",
        "price": 0.56,
        "size": 177692.57,
        "volume_usd": 99507.83920000002,
        "timestamp": 1769630206,
        "date": "2026-01-29 03:56:46",
        "transaction_hash": "0x83fe0747b9df16d46b8040c14baec5f7a263f3951a1ded66e2640d08378bcb87",
        "maker_address": "N/A",
        "conditionId": "0xea49f0969abc80cf7ddbc9d3435c81d3a63cc6b73ebf8d6420f59b0557cf188e"
    },
    {
        "market_question": "Will Real Madrid CF win on 2026-01-28?",
        "outcome": "Yes",
        "side": "SELL",
        "price": 0.56,
        "size": 177692.57,
        "volume_usd": 99507.83920000002,
        "timestamp": 1769630206,
        "date": "2026-01-29 03:56:46",
        "transaction_hash": "0x83fe0747b9df16d46b8040c14baec5f7a263f3951a1ded66e2640d08378bcb87",
        "maker_address": "N/A",
        "conditionId": "0xea49f0969abc80cf7ddbc9d3435c81d3a63cc6b73ebf8d6420f59b0557cf188e"
    },
    {
        "market_question": "Will Real Madrid CF win on 2026-01-28?",
        "outcome": "Yes",
        "side": "SELL",
        "price": 0.56,
        "size": 177692.57,
        "volume_usd": 99507.83920000002,
        "timestamp": 1769630206,
        "date": "2026-01-29 03:56:46",
        "transaction_hash": "0x83fe0747b9df16d46b8040c14baec5f7a263f3951a1ded66e2640d08378bcb87",
        "maker_address": "N/A",
        "conditionId": "0xea49f0969abc80cf7ddbc9d3435c81d3a63cc6b73ebf8d6420f59b0557cf188e"
    },
    {
        "market_question": "Will Real Madrid CF win on 2026-01-28?",
        "outcome": "Yes",
        "side": "SELL",
        "price": 0.56,
        "size": 177692.57,
        "volume_usd": 99507.83920000002,
        "timestamp": 1769630206,
        "date": "2026-01-29 03:56:46",
        "transaction_hash": "0x83fe0747b9df16d46b8040c14baec5f7a263f3951a1ded66e2640d08378bcb87",
        "maker_address": "N/A",
        "conditionId": "0xea49f0969abc80cf7ddbc9d3435c81d3a63cc6b73ebf8d6420f59b0557cf188e"
    },
    {
        "market_question": "Will Real Madrid CF win on 2026-01-28?",
        "outcome": "Yes",
        "side": "SELL",
        "price": 0.56,
        "size": 177692.57,
        "volume_usd": 99507.83920000002,
        "timestamp": 1769630206,
        "date": "2026-01-29 03:56:46",
        "transaction_hash": "0x83fe0747b9df16d46b8040c14baec5f7a263f3951a1ded66e2640d08378bcb87",
        "maker_address": "N/A",
        "conditionId": "0xea49f0969abc80cf7ddbc9d3435c81d3a63cc6b73ebf8d6420f59b0557cf188e"
    },
    {
        "market_question": "Will Real Madrid CF win on 2026-01-28?",
        "outcome": "Yes",
        "side": "SELL",
        "price": 0.56,
        "size": 177692.57,
        "volume_usd": 99507.83920000002,
        "timestamp": 1769630206,
        "date": "2026-01-29 03:56:46",
        "transaction_hash": "0x83fe0747b9df16d46b8040c14baec5f7a263f3951a1ded66e2640d08378bcb87",
        "maker_address": "N/A",
        "conditionId": "0xea49f0969abc80cf7ddbc9d3435c81d3a63cc6b73ebf8d6420f59b0557cf188e"
    },
    {
        "market_question": "Will Real Madrid CF win on 2026-01-28?",
        "outcome": "Yes",
        "side": "SELL",
        "price": 0.56,
        "size": 177692.57,
        "volume_usd": 99507.83920000002,
        "timestamp": 1769630206,
        "date": "2026-01-29 03:56:46",
        "transaction_hash": "0x83fe0747b9df16d46b8040c14baec5f7a263f3951a1ded66e2640d08378bcb87",
        "maker_address": "N/A",
        "conditionId": "0xea49f0969abc80cf7ddbc9d3435c81d3a63cc6b73ebf8d6420f59b0557cf188e"
    },
    {
        "market_question": "Will Real Madrid CF win on 2026-01-28?",
        "outcome": "Yes",
        "side": "SELL",
        "price": 0.56,
        "size": 177692.57,
        "volume_usd": 99507.83920000002,
        "timestamp": 1769630206,
        "date": "2026-01-29 03:56:46",
        "transaction_hash": "0x83fe0747b9df16d46b8040c14baec5f7a263f3951a1ded66e2640d08378bcb87",
        "maker_address": "N/A",
        "conditionId": "0xea49f0969abc80cf7ddbc9d3435c81d3a63cc6b73ebf8d6420f59b0557cf188e"
    },
    {
        "market_question": "Will Real Madrid CF win on 2026-01-28?",
        "outcome": "Yes",
        "side": "BUY",
        "price": 0.56,
        "size": 3767.86,
        "volume_usd": 2110.0016,
        "timestamp": 1769630204,
        "date": "2026-01-29 03:56:44",
        "transaction_hash": "0xd19b2d3447e0f1e2077051606b1ec22313a4a38fd6a7f850842606882856dcc4",
        "maker_address": "N/A",
        "conditionId": "0xea49f0969abc80cf7ddbc9d3435c81d3a63cc6b73ebf8d6420f59b0557cf188e"
    },
    {
        "market_question": "Will Real Madrid CF win on 2026-01-28?",
        "outcome": "Yes",
        "side": "BUY",
        "price": 0.56,
        "size": 3650.0,
        "volume_usd": 2044.0000000000002,
        "timestamp": 1769630204,
        "date": "2026-01-29 03:56:44",
        "transaction_hash": "0xe99775ca224fd9a512ccc681fb73c15691c6b6d2a607b54de76652c9a8f37f32",
        "maker_address": "N/A",
        "conditionId": "0xea49f0969abc80cf7ddbc9d3435c81d3a63cc6b73ebf8d6420f59b0557cf188e"
    },
    {
        "market_question": "Will Real Madrid CF win on 2026-01-28?",
        "outcome": "Yes",
        "side": "BUY",
        "price": 0.56,
        "size": 3630.36,
        "volume_usd": 2033.0016000000003,
        "timestamp": 1769630204,
        "date": "2026-01-29 03:56:44",
        "transaction_hash": "0x3d78724f872e6c3d442b947aa8e42dd366d7439739625ba4aabee200ffed2d84",
        "maker_address": "N/A",
        "conditionId": "0xea49f0969abc80cf7ddbc9d3435c81d3a63cc6b73ebf8d6420f59b0557cf188e"
    },
    {
        "market_question": "Will Real Madrid CF win on 2026-01-28?",
        "outcome": "Yes",
        "side": "BUY",
        "price": 0.56,
        "size": 3767.86,
        "volume_usd": 2110.0016,
        "timestamp": 1769630204,
        "date": "2026-01-29 03:56:44",
        "transaction_hash": "0xd19b2d3447e0f1e2077051606b1ec22313a4a38fd6a7f850842606882856dcc4",
        "maker_address": "N/A",
        "conditionId": "0xea49f0969abc80cf7ddbc9d3435c81d3a63cc6b73ebf8d6420f59b0557cf188e"
    },
    {
        "market_question": "Will Real Madrid CF win on 2026-01-28?",
        "outcome": "Yes",
        "side": "BUY",
        "price": 0.56,
        "size": 3650.0,
        "volume_usd": 2044.0000000000002,
        "timestamp": 1769630204,
        "date": "2026-01-29 03:56:44",
        "transaction_hash": "0xe99775ca224fd9a512ccc681fb73c15691c6b6d2a607b54de76652c9a8f37f32",
        "maker_address": "N/A",
        "conditionId": "0xea49f0969abc80cf7ddbc9d3435c81d3a63cc6b73ebf8d6420f59b0557cf188e"
    },
    {
        "market_question": "Will Real Madrid CF win on 2026-01-28?",
        "outcome": "Yes",
        "side": "BUY",
        "price": 0.56,
        "size": 3630.36,
        "volume_usd": 2033.0016000000003,
        "timestamp": 1769630204,
        "date": "2026-01-29 03:56:44",
        "transaction_hash": "0x3d78724f872e6c3d442b947aa8e42dd366d7439739625ba4aabee200ffed2d84",
        "maker_address": "N/A",
        "conditionId": "0xea49f0969abc80cf7ddbc9d3435c81d3a63cc6b73ebf8d6420f59b0557cf188e"
    },
    {
        "market_question": "Will Real Madrid CF win on 2026-01-28?",
        "outcome": "Yes",
        "side": "BUY",
        "price": 0.56,
        "size": 3767.86,
        "volume_usd": 2110.0016,
        "timestamp": 1769630204,
        "date": "2026-01-29 03:56:44",
        "transaction_hash": "0xd19b2d3447e0f1e2077051606b1ec22313a4a38fd6a7f850842606882856dcc4",
        "maker_address": "N/A",
        "conditionId": "0xea49f0969abc80cf7ddbc9d3435c81d3a63cc6b73ebf8d6420f59b0557cf188e"
    },
    {
        "market_question": "Will Real Madrid CF win on 2026-01-28?",
        "outcome": "Yes",
        "side": "BUY",
        "price": 0.56,
        "size": 3650.0,
        "volume_usd": 2044.0000000000002,
        "timestamp": 1769630204,
        "date": "2026-01-29 03:56:44",
        "transaction_hash": "0xe99775ca224fd9a512ccc681fb73c15691c6b6d2a607b54de76652c9a8f37f32",
        "maker_address": "N/A",
        "conditionId": "0xea49f0969abc80cf7ddbc9d3435c81d3a63cc6b73ebf8d6420f59b0557cf188e"
    },
    {
        "market_question": "Will Real Madrid CF win on 2026-01-28?",
        "outcome": "Yes",
        "side": "BUY",
        "price": 0.56,
        "size": 3630.36,
        "volume_usd": 2033.0016000000003,
        "timestamp": 1769630204,
        "date": "2026-01-29 03:56:44",
        "transaction_hash": "0x3d78724f872e6c3d442b947aa8e42dd366d7439739625ba4aabee200ffed2d84",
        "maker_address": "N/A",
        "conditionId": "0xea49f0969abc80cf7ddbc9d3435c81d3a63cc6b73ebf8d6420f59b0557cf188e"
    },
    {
        "market_question": "Will Real Madrid CF win on 2026-01-28?",
        "outcome": "Yes",
        "side": "BUY",
        "price": 0.56,
        "size": 3767.86,
        "volume_usd": 2110.0016,
        "timestamp": 1769630204,
        "date": "2026-01-29 03:56:44",
        "transaction_hash": "0xd19b2d3447e0f1e2077051606b1ec22313a4a38fd6a7f850842606882856dcc4",
        "maker_address": "N/A",
        "conditionId": "0xea49f0969abc80cf7ddbc9d3435c81d3a63cc6b73ebf8d6420f59b0557cf188e"
    },
    {
        "market_question": "Will Real Madrid CF win on 2026-01-28?",
        "outcome": "Yes",
        "side": "BUY",
        "price": 0.56,
        "size": 3650.0,
        "volume_usd": 2044.0000000000002,
        "timestamp": 1769630204,
        "date": "2026-01-29 03:56:44",
        "transaction_hash": "0xe99775ca224fd9a512ccc681fb73c15691c6b6d2a607b54de76652c9a8f37f32",
        "maker_address": "N/A",
        "conditionId": "0xea49f0969abc80cf7ddbc9d3435c81d3a63cc6b73ebf8d6420f59b0557cf188e"
    },
    {
        "market_question": "Will Real Madrid CF win on 2026-01-28?",
        "outcome": "Yes",
        "side": "BUY",
        "price": 0.56,
        "size": 3630.36,
        "volume_usd": 2033.0016000000003,
        "timestamp": 1769630204,
        "date": "2026-01-29 03:56:44",
        "transaction_hash": "0x3d78724f872e6c3d442b947aa8e42dd366d7439739625ba4aabee200ffed2d84",
        "maker_address": "N/A",
        "conditionId": "0xea49f0969abc80cf7ddbc9d3435c81d3a63cc6b73ebf8d6420f59b0557cf188e"
    },
    {
        "market_question": "Will Real Madrid CF win on 2026-01-28?",
        "outcome": "Yes",
        "side": "BUY",
        "price": 0.56,
        "size": 3767.86,
        "volume_usd": 2110.0016,
        "timestamp": 1769630204,
        "date": "2026-01-29 03:56:44",
        "transaction_hash": "0xd19b2d3447e0f1e2077051606b1ec22313a4a38fd6a7f850842606882856dcc4",
        "maker_address": "N/A",
        "conditionId": "0xea49f0969abc80cf7ddbc9d3435c81d3a63cc6b73ebf8d6420f59b0557cf188e"
    },
    {
        "market_question": "Will Real Madrid CF win on 2026-01-28?",
        "outcome": "Yes",
        "side": "BUY",
        "price": 0.56,
        "size": 3650.0,
        "volume_usd": 2044.0000000000002,
        "timestamp": 1769630204,
        "date": "2026-01-29 03:56:44",
        "transaction_hash": "0xe99775ca224fd9a512ccc681fb73c15691c6b6d2a607b54de76652c9a8f37f32",
        "maker_address": "N/A",
        "conditionId": "0xea49f0969abc80cf7ddbc9d3435c81d3a63cc6b73ebf8d6420f59b0557cf188e"
    },
    {
        "market_question": "Will Real Madrid CF win on 2026-01-28?",
        "outcome": "Yes",
        "side": "BUY",
        "price": 0.56,
        "size": 3630.36,
        "volume_usd": 2033.0016000000003,
        "timestamp": 1769630204,
        "date": "2026-01-29 03:56:44",
        "transaction_hash": "0x3d78724f872e6c3d442b947aa8e42dd366d7439739625ba4aabee200ffed2d84",
        "maker_address": "N/A",
        "conditionId": "0xea49f0969abc80cf7ddbc9d3435c81d3a63cc6b73ebf8d6420f59b0557cf188e"
    },
    {
        "market_question": "Will Real Madrid CF win on 2026-01-28?",
        "outcome": "Yes",
        "side": "BUY",
        "price": 0.56,
        "size": 3767.86,
        "volume_usd": 2110.0016,
        "timestamp": 1769630204,
        "date": "2026-01-29 03:56:44",
        "transaction_hash": "0xd19b2d3447e0f1e2077051606b1ec22313a4a38fd6a7f850842606882856dcc4",
        "maker_address": "N/A",
        "conditionId": "0xea49f0969abc80cf7ddbc9d3435c81d3a63cc6b73ebf8d6420f59b0557cf188e"
    },
    {
        "market_question": "Will Real Madrid CF win on 2026-01-28?",
        "outcome": "Yes",
        "side": "BUY",
        "price": 0.56,
        "size": 3650.0,
        "volume_usd": 2044.0000000000002,
        "timestamp": 1769630204,
        "date": "2026-01-29 03:56:44",
        "transaction_hash": "0xe99775ca224fd9a512ccc681fb73c15691c6b6d2a607b54de76652c9a8f37f32",
        "maker_address": "N/A",
        "conditionId": "0xea49f0969abc80cf7ddbc9d3435c81d3a63cc6b73ebf8d6420f59b0557cf188e"
    },
    {
        "market_question": "Will Real Madrid CF win on 2026-01-28?",
        "outcome": "Yes",
        "side": "BUY",
        "price": 0.56,
        "size": 3630.36,
        "volume_usd": 2033.0016000000003,
        "timestamp": 1769630204,
        "date": "2026-01-29 03:56:44",
        "transaction_hash": "0x3d78724f872e6c3d442b947aa8e42dd366d7439739625ba4aabee200ffed2d84",
        "maker_address": "N/A",
        "conditionId": "0xea49f0969abc80cf7ddbc9d3435c81d3a63cc6b73ebf8d6420f59b0557cf188e"
    },
    {
        "market_question": "Will Real Madrid CF win on 2026-01-28?",
        "outcome": "Yes",
        "side": "BUY",
        "price": 0.56,
        "size": 3767.86,
        "volume_usd": 2110.0016,
        "timestamp": 1769630204,
        "date": "2026-01-29 03:56:44",
        "transaction_hash": "0xd19b2d3447e0f1e2077051606b1ec22313a4a38fd6a7f850842606882856dcc4",
        "maker_address": "N/A",
        "conditionId": "0xea49f0969abc80cf7ddbc9d3435c81d3a63cc6b73ebf8d6420f59b0557cf188e"
    },
    {
        "market_question": "Will Real Madrid CF win on 2026-01-28?",
        "outcome": "Yes",
        "side": "BUY",
        "price": 0.56,
        "size": 3650.0,
        "volume_usd": 2044.0000000000002,
        "timestamp": 1769630204,
        "date": "2026-01-29 03:56:44",
        "transaction_hash": "0xe99775ca224fd9a512ccc681fb73c15691c6b6d2a607b54de76652c9a8f37f32",
        "maker_address": "N/A",
        "conditionId": "0xea49f0969abc80cf7ddbc9d3435c81d3a63cc6b73ebf8d6420f59b0557cf188e"
    },
    {
        "market_question": "Will Real Madrid CF win on 2026-01-28?",
        "outcome": "Yes",
        "side": "BUY",
        "price": 0.56,
        "size": 3630.36,
        "volume_usd": 2033.0016000000003,
        "timestamp": 1769630204,
        "date": "2026-01-29 03:56:44",
        "transaction_hash": "0x3d78724f872e6c3d442b947aa8e42dd366d7439739625ba4aabee200ffed2d84",
        "maker_address": "N/A",
        "conditionId": "0xea49f0969abc80cf7ddbc9d3435c81d3a63cc6b73ebf8d6420f59b0557cf188e"
    },
    {
        "market_question": "Will Real Madrid CF win on 2026-01-28?",
        "outcome": "Yes",
        "side": "BUY",
        "price": 0.56,
        "size": 3767.86,
        "volume_usd": 2110.0016,
        "timestamp": 1769630204,
        "date": "2026-01-29 03:56:44",
        "transaction_hash": "0xd19b2d3447e0f1e2077051606b1ec22313a4a38fd6a7f850842606882856dcc4",
        "maker_address": "N/A",
        "conditionId": "0xea49f0969abc80cf7ddbc9d3435c81d3a63cc6b73ebf8d6420f59b0557cf188e"
    },
    {
        "market_question": "Will Real Madrid CF win on 2026-01-28?",
        "outcome": "Yes",
        "side": "BUY",
        "price": 0.56,
        "size": 3650.0,
        "volume_usd": 2044.0000000000002,
        "timestamp": 1769630204,
        "date": "2026-01-29 03:56:44",
        "transaction_hash": "0xe99775ca224fd9a512ccc681fb73c15691c6b6d2a607b54de76652c9a8f37f32",
        "maker_address": "N/A",
        "conditionId": "0xea49f0969abc80cf7ddbc9d3435c81d3a63cc6b73ebf8d6420f59b0557cf188e"
    },
    {
        "market_question": "Will Real Madrid CF win on 2026-01-28?",
        "outcome": "Yes",
        "side": "BUY",
        "price": 0.56,
        "size": 3630.36,
        "volume_usd": 2033.0016000000003,
        "timestamp": 1769630204,
        "date": "2026-01-29 03:56:44",
        "transaction_hash": "0x3d78724f872e6c3d442b947aa8e42dd366d7439739625ba4aabee200ffed2d84",
        "maker_address": "N/A",
        "conditionId": "0xea49f0969abc80cf7ddbc9d3435c81d3a63cc6b73ebf8d6420f59b0557cf188e"
    },
    {
        "market_question": "Will Real Madrid CF win on 2026-01-28?",
        "outcome": "No",
        "side": "BUY",
        "price": 0.44,
        "size": 2500.0,
        "volume_usd": 1100.0,
        "timestamp": 1769630186,
        "date": "2026-01-29 03:56:26",
        "transaction_hash": "0x57727aa39a53b36659e519f6abbad155c61b8138d81efe1f6b80f8cd8722ea40",
        "maker_address": "N/A",
        "conditionId": "0xea49f0969abc80cf7ddbc9d3435c81d3a63cc6b73ebf8d6420f59b0557cf188e"
    },
    {
        "market_question": "Will Real Madrid CF win on 2026-01-28?",
        "outcome": "No",
        "side": "BUY",
        "price": 0.44,
        "size": 2500.0,
        "volume_usd": 1100.0,
        "timestamp": 1769630186,
        "date": "2026-01-29 03:56:26",
        "transaction_hash": "0x57727aa39a53b36659e519f6abbad155c61b8138d81efe1f6b80f8cd8722ea40",
        "maker_address": "N/A",
        "conditionId": "0xea49f0969abc80cf7ddbc9d3435c81d3a63cc6b73ebf8d6420f59b0557cf188e"
    },
    {
        "market_question": "Will Real Madrid CF win on 2026-01-28?",
        "outcome": "No",
        "side": "BUY",
        "price": 0.44,
        "size": 2500.0,
        "volume_usd": 1100.0,
        "timestamp": 1769630186,
        "date": "2026-01-29 03:56:26",
        "transaction_hash": "0x57727aa39a53b36659e519f6abbad155c61b8138d81efe1f6b80f8cd8722ea40",
        "maker_address": "N/A",
        "conditionId": "0xea49f0969abc80cf7ddbc9d3435c81d3a63cc6b73ebf8d6420f59b0557cf188e"
    },
    {
        "market_question": "Will Real Madrid CF win on 2026-01-28?",
        "outcome": "No",
        "side": "BUY",
        "price": 0.44,
        "size": 2500.0,
        "volume_usd": 1100.0,
        "timestamp": 1769630186,
        "date": "2026-01-29 03:56:26",
        "transaction_hash": "0x57727aa39a53b36659e519f6abbad155c61b8138d81efe1f6b80f8cd8722ea40",
        "maker_address": "N/A",
        "conditionId": "0xea49f0969abc80cf7ddbc9d3435c81d3a63cc6b73ebf8d6420f59b0557cf188e"
    },
    {
        "market_question": "Will Real Madrid CF win on 2026-01-28?",
        "outcome": "No",
        "side": "BUY",
        "price": 0.44,
        "size": 2500.0,
        "volume_usd": 1100.0,
        "timestamp": 1769630186,
        "date": "2026-01-29 03:56:26",
        "transaction_hash": "0x57727aa39a53b36659e519f6abbad155c61b8138d81efe1f6b80f8cd8722ea40",
        "maker_address": "N/A",
        "conditionId": "0xea49f0969abc80cf7ddbc9d3435c81d3a63cc6b73ebf8d6420f59b0557cf188e"
    },
    {
        "market_question": "Will Real Madrid CF win on 2026-01-28?",
        "outcome": "No",
        "side": "BUY",
        "price": 0.44,
        "size": 2500.0,
        "volume_usd": 1100.0,
        "timestamp": 1769630186,
        "date": "2026-01-29 03:56:26",
        "transaction_hash": "0x57727aa39a53b36659e519f6abbad155c61b8138d81efe1f6b80f8cd8722ea40",
        "maker_address": "N/A",
        "conditionId": "0xea49f0969abc80cf7ddbc9d3435c81d3a63cc6b73ebf8d6420f59b0557cf188e"
    },
    {
        "market_question": "Will Real Madrid CF win on 2026-01-28?",
        "outcome": "No",
        "side": "BUY",
        "price": 0.44,
        "size": 2500.0,
        "volume_usd": 1100.0,
        "timestamp": 1769630186,
        "date": "2026-01-29 03:56:26",
        "transaction_hash": "0x57727aa39a53b36659e519f6abbad155c61b8138d81efe1f6b80f8cd8722ea40",
        "maker_address": "N/A",
        "conditionId": "0xea49f0969abc80cf7ddbc9d3435c81d3a63cc6b73ebf8d6420f59b0557cf188e"
    },
    {
        "market_question": "Will Real Madrid CF win on 2026-01-28?",
        "outcome": "No",
        "side": "BUY",
        "price": 0.44,
        "size": 2500.0,
        "volume_usd": 1100.0,
        "timestamp": 1769630186,
        "date": "2026-01-29 03:56:26",
        "transaction_hash": "0x57727aa39a53b36659e519f6abbad155c61b8138d81efe1f6b80f8cd8722ea40",
        "maker_address": "N/A",
        "conditionId": "0xea49f0969abc80cf7ddbc9d3435c81d3a63cc6b73ebf8d6420f59b0557cf188e"
    },
    {
        "market_question": "Will Real Madrid CF win on 2026-01-28?",
        "outcome": "Yes",
        "side": "BUY",
        "price": 0.5699999999604125,
        "size": 2526.05263,
        "volume_usd": 1439.849999,
        "timestamp": 1769630158,
        "date": "2026-01-29 03:55:58",
        "transaction_hash": "0x61a27b5079ba3eab9cf8190e5612389e11029c8424349ee5713b4c2fb51a2010",
        "maker_address": "N/A",
        "conditionId": "0xea49f0969abc80cf7ddbc9d3435c81d3a63cc6b73ebf8d6420f59b0557cf188e"
    },
    {
        "market_question": "Will Real Madrid CF win on 2026-01-28?",
        "outcome": "Yes",
        "side": "BUY",
        "price": 0.5699999999604125,
        "size": 2526.05263,
        "volume_usd": 1439.849999,
        "timestamp": 1769630158,
        "date": "2026-01-29 03:55:58",
        "transaction_hash": "0x61a27b5079ba3eab9cf8190e5612389e11029c8424349ee5713b4c2fb51a2010",
        "maker_address": "N/A",
        "conditionId": "0xea49f0969abc80cf7ddbc9d3435c81d3a63cc6b73ebf8d6420f59b0557cf188e"
    },
    {
        "market_question": "Will Real Madrid CF win on 2026-01-28?",
        "outcome": "Yes",
        "side": "BUY",
        "price": 0.5699999999604125,
        "size": 2526.05263,
        "volume_usd": 1439.849999,
        "timestamp": 1769630158,
        "date": "2026-01-29 03:55:58",
        "transaction_hash": "0x61a27b5079ba3eab9cf8190e5612389e11029c8424349ee5713b4c2fb51a2010",
        "maker_address": "N/A",
        "conditionId": "0xea49f0969abc80cf7ddbc9d3435c81d3a63cc6b73ebf8d6420f59b0557cf188e"
    },
    {
        "market_question": "Will Real Madrid CF win on 2026-01-28?",
        "outcome": "Yes",
        "side": "BUY",
        "price": 0.5699999999604125,
        "size": 2526.05263,
        "volume_usd": 1439.849999,
        "timestamp": 1769630158,
        "date": "2026-01-29 03:55:58",
        "transaction_hash": "0x61a27b5079ba3eab9cf8190e5612389e11029c8424349ee5713b4c2fb51a2010",
        "maker_address": "N/A",
        "conditionId": "0xea49f0969abc80cf7ddbc9d3435c81d3a63cc6b73ebf8d6420f59b0557cf188e"
    },
    {
        "market_question": "Will Real Madrid CF win on 2026-01-28?",
        "outcome": "Yes",
        "side": "BUY",
        "price": 0.5699999999604125,
        "size": 2526.05263,
        "volume_usd": 1439.849999,
        "timestamp": 1769630158,
        "date": "2026-01-29 03:55:58",
        "transaction_hash": "0x61a27b5079ba3eab9cf8190e5612389e11029c8424349ee5713b4c2fb51a2010",
        "maker_address": "N/A",
        "conditionId": "0xea49f0969abc80cf7ddbc9d3435c81d3a63cc6b73ebf8d6420f59b0557cf188e"
    },
    {
        "market_question": "Will Real Madrid CF win on 2026-01-28?",
        "outcome": "Yes",
        "side": "BUY",
        "price": 0.5699999999604125,
        "size": 2526.05263,
        "volume_usd": 1439.849999,
        "timestamp": 1769630158,
        "date": "2026-01-29 03:55:58",
        "transaction_hash": "0x61a27b5079ba3eab9cf8190e5612389e11029c8424349ee5713b4c2fb51a2010",
        "maker_address": "N/A",
        "conditionId": "0xea49f0969abc80cf7ddbc9d3435c81d3a63cc6b73ebf8d6420f59b0557cf188e"
    },
    {
        "market_question": "Will Real Madrid CF win on 2026-01-28?",
        "outcome": "Yes",
        "side": "BUY",
        "price": 0.5699999999604125,
        "size": 2526.05263,
        "volume_usd": 1439.849999,
        "timestamp": 1769630158,
        "date": "2026-01-29 03:55:58",
        "transaction_hash": "0x61a27b5079ba3eab9cf8190e5612389e11029c8424349ee5713b4c2fb51a2010",
        "maker_address": "N/A",
        "conditionId": "0xea49f0969abc80cf7ddbc9d3435c81d3a63cc6b73ebf8d6420f59b0557cf188e"
    },
    {
        "market_question": "Will Real Madrid CF win on 2026-01-28?",
        "outcome": "Yes",
        "side": "BUY",
        "price": 0.5699999999604125,
        "size": 2526.05263,
        "volume_usd": 1439.849999,
        "timestamp": 1769630158,
        "date": "2026-01-29 03:55:58",
        "transaction_hash": "0x61a27b5079ba3eab9cf8190e5612389e11029c8424349ee5713b4c2fb51a2010",
        "maker_address": "N/A",
        "conditionId": "0xea49f0969abc80cf7ddbc9d3435c81d3a63cc6b73ebf8d6420f59b0557cf188e"
    },
    {
        "market_question": "Will Real Madrid CF win on 2026-01-28?",
        "outcome": "No",
        "side": "BUY",
        "price": 0.44,
        "size": 2500.0,
        "volume_usd": 1100.0,
        "timestamp": 1769630118,
        "date": "2026-01-29 03:55:18",
        "transaction_hash": "0x2cf11aafda162c0c43f57dba722e65906675d4105b2556ce104b7cea53774e22",
        "maker_address": "N/A",
        "conditionId": "0xea49f0969abc80cf7ddbc9d3435c81d3a63cc6b73ebf8d6420f59b0557cf188e"
    },
    {
        "market_question": "Will Real Madrid CF win on 2026-01-28?",
        "outcome": "No",
        "side": "BUY",
        "price": 0.44,
        "size": 2500.0,
        "volume_usd": 1100.0,
        "timestamp": 1769630118,
        "date": "2026-01-29 03:55:18",
        "transaction_hash": "0x2cf11aafda162c0c43f57dba722e65906675d4105b2556ce104b7cea53774e22",
        "maker_address": "N/A",
        "conditionId": "0xea49f0969abc80cf7ddbc9d3435c81d3a63cc6b73ebf8d6420f59b0557cf188e"
    },
    {
        "market_question": "Will Real Madrid CF win on 2026-01-28?",
        "outcome": "No",
        "side": "BUY",
        "price": 0.44,
        "size": 2500.0,
        "volume_usd": 1100.0,
        "timestamp": 1769630118,
        "date": "2026-01-29 03:55:18",
        "transaction_hash": "0x2cf11aafda162c0c43f57dba722e65906675d4105b2556ce104b7cea53774e22",
        "maker_address": "N/A",
        "conditionId": "0xea49f0969abc80cf7ddbc9d3435c81d3a63cc6b73ebf8d6420f59b0557cf188e"
    },
    {
        "market_question": "Will Real Madrid CF win on 2026-01-28?",
        "outcome": "No",
        "side": "BUY",
        "price": 0.44,
        "size": 2500.0,
        "volume_usd": 1100.0,
        "timestamp": 1769630118,
        "date": "2026-01-29 03:55:18",
        "transaction_hash": "0x2cf11aafda162c0c43f57dba722e65906675d4105b2556ce104b7cea53774e22",
        "maker_address": "N/A",
        "conditionId": "0xea49f0969abc80cf7ddbc9d3435c81d3a63cc6b73ebf8d6420f59b0557cf188e"
    },
    {
        "market_question": "Will Real Madrid CF win on 2026-01-28?",
        "outcome": "No",
        "side": "BUY",
        "price": 0.44,
        "size": 2500.0,
        "volume_usd": 1100.0,
        "timestamp": 1769630118,
        "date": "2026-01-29 03:55:18",
        "transaction_hash": "0x2cf11aafda162c0c43f57dba722e65906675d4105b2556ce104b7cea53774e22",
        "maker_address": "N/A",
        "conditionId": "0xea49f0969abc80cf7ddbc9d3435c81d3a63cc6b73ebf8d6420f59b0557cf188e"
    },
    {
        "market_question": "Will Real Madrid CF win on 2026-01-28?",
        "outcome": "No",
        "side": "BUY",
        "price": 0.44,
        "size": 2500.0,
        "volume_usd": 1100.0,
        "timestamp": 1769630118,
        "date": "2026-01-29 03:55:18",
        "transaction_hash": "0x2cf11aafda162c0c43f57dba722e65906675d4105b2556ce104b7cea53774e22",
        "maker_address": "N/A",
        "conditionId": "0xea49f0969abc80cf7ddbc9d3435c81d3a63cc6b73ebf8d6420f59b0557cf188e"
    },
    {
        "market_question": "Will Real Madrid CF win on 2026-01-28?",
        "outcome": "No",
        "side": "BUY",
        "price": 0.44,
        "size": 2500.0,
        "volume_usd": 1100.0,
        "timestamp": 1769630118,
        "date": "2026-01-29 03:55:18",
        "transaction_hash": "0x2cf11aafda162c0c43f57dba722e65906675d4105b2556ce104b7cea53774e22",
        "maker_address": "N/A",
        "conditionId": "0xea49f0969abc80cf7ddbc9d3435c81d3a63cc6b73ebf8d6420f59b0557cf188e"
    },
    {
        "market_question": "Will Real Madrid CF win on 2026-01-28?",
        "outcome": "No",
        "side": "BUY",
        "price": 0.44,
        "size": 2500.0,
        "volume_usd": 1100.0,
        "timestamp": 1769630118,
        "date": "2026-01-29 03:55:18",
        "transaction_hash": "0x2cf11aafda162c0c43f57dba722e65906675d4105b2556ce104b7cea53774e22",
        "maker_address": "N/A",
        "conditionId": "0xea49f0969abc80cf7ddbc9d3435c81d3a63cc6b73ebf8d6420f59b0557cf188e"
    },
    {
        "market_question": "Will Real Madrid CF win on 2026-01-28?",
        "outcome": "No",
        "side": "BUY",
        "price": 0.44,
        "size": 2500.0,
        "volume_usd": 1100.0,
        "timestamp": 1769630016,
        "date": "2026-01-29 03:53:36",
        "transaction_hash": "0xf22a848e9cc7441a5eacb96c0273273e87cce5ebf7a0172c6b47cb89ca1782e1",
        "maker_address": "N/A",
        "conditionId": "0xea49f0969abc80cf7ddbc9d3435c81d3a63cc6b73ebf8d6420f59b0557cf188e"
    },
    {
        "market_question": "Will Real Madrid CF win on 2026-01-28?",
        "outcome": "No",
        "side": "BUY",
        "price": 0.44,
        "size": 2500.0,
        "volume_usd": 1100.0,
        "timestamp": 1769630016,
        "date": "2026-01-29 03:53:36",
        "transaction_hash": "0xf22a848e9cc7441a5eacb96c0273273e87cce5ebf7a0172c6b47cb89ca1782e1",
        "maker_address": "N/A",
        "conditionId": "0xea49f0969abc80cf7ddbc9d3435c81d3a63cc6b73ebf8d6420f59b0557cf188e"
    },
    {
        "market_question": "Will Real Madrid CF win on 2026-01-28?",
        "outcome": "No",
        "side": "BUY",
        "price": 0.44,
        "size": 2500.0,
        "volume_usd": 1100.0,
        "timestamp": 1769630016,
        "date": "2026-01-29 03:53:36",
        "transaction_hash": "0xf22a848e9cc7441a5eacb96c0273273e87cce5ebf7a0172c6b47cb89ca1782e1",
        "maker_address": "N/A",
        "conditionId": "0xea49f0969abc80cf7ddbc9d3435c81d3a63cc6b73ebf8d6420f59b0557cf188e"
    },
    {
        "market_question": "Will Real Madrid CF win on 2026-01-28?",
        "outcome": "No",
        "side": "BUY",
        "price": 0.44,
        "size": 2500.0,
        "volume_usd": 1100.0,
        "timestamp": 1769630016,
        "date": "2026-01-29 03:53:36",
        "transaction_hash": "0xf22a848e9cc7441a5eacb96c0273273e87cce5ebf7a0172c6b47cb89ca1782e1",
        "maker_address": "N/A",
        "conditionId": "0xea49f0969abc80cf7ddbc9d3435c81d3a63cc6b73ebf8d6420f59b0557cf188e"
    },
    {
        "market_question": "Will Real Madrid CF win on 2026-01-28?",
        "outcome": "No",
        "side": "BUY",
        "price": 0.44,
        "size": 2500.0,
        "volume_usd": 1100.0,
        "timestamp": 1769630016,
        "date": "2026-01-29 03:53:36",
        "transaction_hash": "0xf22a848e9cc7441a5eacb96c0273273e87cce5ebf7a0172c6b47cb89ca1782e1",
        "maker_address": "N/A",
        "conditionId": "0xea49f0969abc80cf7ddbc9d3435c81d3a63cc6b73ebf8d6420f59b0557cf188e"
    },
    {
        "market_question": "Will Real Madrid CF win on 2026-01-28?",
        "outcome": "No",
        "side": "BUY",
        "price": 0.44,
        "size": 2500.0,
        "volume_usd": 1100.0,
        "timestamp": 1769630016,
        "date": "2026-01-29 03:53:36",
        "transaction_hash": "0xf22a848e9cc7441a5eacb96c0273273e87cce5ebf7a0172c6b47cb89ca1782e1",
        "maker_address": "N/A",
        "conditionId": "0xea49f0969abc80cf7ddbc9d3435c81d3a63cc6b73ebf8d6420f59b0557cf188e"
    },
    {
        "market_question": "Will Real Madrid CF win on 2026-01-28?",
        "outcome": "No",
        "side": "BUY",
        "price": 0.44,
        "size": 2500.0,
        "volume_usd": 1100.0,
        "timestamp": 1769630016,
        "date": "2026-01-29 03:53:36",
        "transaction_hash": "0xf22a848e9cc7441a5eacb96c0273273e87cce5ebf7a0172c6b47cb89ca1782e1",
        "maker_address": "N/A",
        "conditionId": "0xea49f0969abc80cf7ddbc9d3435c81d3a63cc6b73ebf8d6420f59b0557cf188e"
    },
    {
        "market_question": "Will Real Madrid CF win on 2026-01-28?",
        "outcome": "No",
        "side": "BUY",
        "price": 0.44,
        "size": 2500.0,
        "volume_usd": 1100.0,
        "timestamp": 1769630016,
        "date": "2026-01-29 03:53:36",
        "transaction_hash": "0xf22a848e9cc7441a5eacb96c0273273e87cce5ebf7a0172c6b47cb89ca1782e1",
        "maker_address": "N/A",
        "conditionId": "0xea49f0969abc80cf7ddbc9d3435c81d3a63cc6b73ebf8d6420f59b0557cf188e"
    },
    {
        "market_question": "Will Real Madrid CF win on 2026-01-28?",
        "outcome": "Yes",
        "side": "BUY",
        "price": 0.57,
        "size": 4857.0,
        "volume_usd": 2768.49,
        "timestamp": 1769630006,
        "date": "2026-01-29 03:53:26",
        "transaction_hash": "0x973e9f837c41fd117a54676a6e6c6326d050b1d42e766c3d0efc4379445879b6",
        "maker_address": "N/A",
        "conditionId": "0xea49f0969abc80cf7ddbc9d3435c81d3a63cc6b73ebf8d6420f59b0557cf188e"
    },
    {
        "market_question": "Will Real Madrid CF win on 2026-01-28?",
        "outcome": "Yes",
        "side": "BUY",
        "price": 0.57,
        "size": 4857.0,
        "volume_usd": 2768.49,
        "timestamp": 1769630006,
        "date": "2026-01-29 03:53:26",
        "transaction_hash": "0x973e9f837c41fd117a54676a6e6c6326d050b1d42e766c3d0efc4379445879b6",
        "maker_address": "N/A",
        "conditionId": "0xea49f0969abc80cf7ddbc9d3435c81d3a63cc6b73ebf8d6420f59b0557cf188e"
    },
    {
        "market_question": "Will Real Madrid CF win on 2026-01-28?",
        "outcome": "Yes",
        "side": "BUY",
        "price": 0.57,
        "size": 4857.0,
        "volume_usd": 2768.49,
        "timestamp": 1769630006,
        "date": "2026-01-29 03:53:26",
        "transaction_hash": "0x973e9f837c41fd117a54676a6e6c6326d050b1d42e766c3d0efc4379445879b6",
        "maker_address": "N/A",
        "conditionId": "0xea49f0969abc80cf7ddbc9d3435c81d3a63cc6b73ebf8d6420f59b0557cf188e"
    },
    {
        "market_question": "Will Real Madrid CF win on 2026-01-28?",
        "outcome": "Yes",
        "side": "BUY",
        "price": 0.57,
        "size": 4857.0,
        "volume_usd": 2768.49,
        "timestamp": 1769630006,
        "date": "2026-01-29 03:53:26",
        "transaction_hash": "0x973e9f837c41fd117a54676a6e6c6326d050b1d42e766c3d0efc4379445879b6",
        "maker_address": "N/A",
        "conditionId": "0xea49f0969abc80cf7ddbc9d3435c81d3a63cc6b73ebf8d6420f59b0557cf188e"
    },
    {
        "market_question": "Will Real Madrid CF win on 2026-01-28?",
        "outcome": "Yes",
        "side": "BUY",
        "price": 0.57,
        "size": 4857.0,
        "volume_usd": 2768.49,
        "timestamp": 1769630006,
        "date": "2026-01-29 03:53:26",
        "transaction_hash": "0x973e9f837c41fd117a54676a6e6c6326d050b1d42e766c3d0efc4379445879b6",
        "maker_address": "N/A",
        "conditionId": "0xea49f0969abc80cf7ddbc9d3435c81d3a63cc6b73ebf8d6420f59b0557cf188e"
    },
    {
        "market_question": "Will Real Madrid CF win on 2026-01-28?",
        "outcome": "Yes",
        "side": "BUY",
        "price": 0.57,
        "size": 4857.0,
        "volume_usd": 2768.49,
        "timestamp": 1769630006,
        "date": "2026-01-29 03:53:26",
        "transaction_hash": "0x973e9f837c41fd117a54676a6e6c6326d050b1d42e766c3d0efc4379445879b6",
        "maker_address": "N/A",
        "conditionId": "0xea49f0969abc80cf7ddbc9d3435c81d3a63cc6b73ebf8d6420f59b0557cf188e"
    },
    {
        "market_question": "Will Real Madrid CF win on 2026-01-28?",
        "outcome": "Yes",
        "side": "BUY",
        "price": 0.57,
        "size": 4857.0,
        "volume_usd": 2768.49,
        "timestamp": 1769630006,
        "date": "2026-01-29 03:53:26",
        "transaction_hash": "0x973e9f837c41fd117a54676a6e6c6326d050b1d42e766c3d0efc4379445879b6",
        "maker_address": "N/A",
        "conditionId": "0xea49f0969abc80cf7ddbc9d3435c81d3a63cc6b73ebf8d6420f59b0557cf188e"
    },
    {
        "market_question": "Will Real Madrid CF win on 2026-01-28?",
        "outcome": "Yes",
        "side": "BUY",
        "price": 0.57,
        "size": 4857.0,
        "volume_usd": 2768.49,
        "timestamp": 1769630006,
        "date": "2026-01-29 03:53:26",
        "transaction_hash": "0x973e9f837c41fd117a54676a6e6c6326d050b1d42e766c3d0efc4379445879b6",
        "maker_address": "N/A",
        "conditionId": "0xea49f0969abc80cf7ddbc9d3435c81d3a63cc6b73ebf8d6420f59b0557cf188e"
    },
    {
        "market_question": "Will Real Madrid CF win on 2026-01-28?",
        "outcome": "Yes",
        "side": "BUY",
        "price": 0.57,
        "size": 8330.0,
        "volume_usd": 4748.099999999999,
        "timestamp": 1769629912,
        "date": "2026-01-29 03:51:52",
        "transaction_hash": "0xb043339f2d8a5579752003abdeac22b71e36bb275a9636cd34a1adf7ae61875c",
        "maker_address": "N/A",
        "conditionId": "0xea49f0969abc80cf7ddbc9d3435c81d3a63cc6b73ebf8d6420f59b0557cf188e"
    },
    {
        "market_question": "Will Real Madrid CF win on 2026-01-28?",
        "outcome": "Yes",
        "side": "BUY",
        "price": 0.57,
        "size": 3041.0,
        "volume_usd": 1733.37,
        "timestamp": 1769629912,
        "date": "2026-01-29 03:51:52",
        "transaction_hash": "0x1d23edf49e5d151aa655f0441a74aa7769bc5e1dd3408f2876f7ee4a3e98dc3d",
        "maker_address": "N/A",
        "conditionId": "0xea49f0969abc80cf7ddbc9d3435c81d3a63cc6b73ebf8d6420f59b0557cf188e"
    },
    {
        "market_question": "Will Real Madrid CF win on 2026-01-28?",
        "outcome": "Yes",
        "side": "BUY",
        "price": 0.57,
        "size": 8330.0,
        "volume_usd": 4748.099999999999,
        "timestamp": 1769629912,
        "date": "2026-01-29 03:51:52",
        "transaction_hash": "0xb043339f2d8a5579752003abdeac22b71e36bb275a9636cd34a1adf7ae61875c",
        "maker_address": "N/A",
        "conditionId": "0xea49f0969abc80cf7ddbc9d3435c81d3a63cc6b73ebf8d6420f59b0557cf188e"
    },
    {
        "market_question": "Will Real Madrid CF win on 2026-01-28?",
        "outcome": "Yes",
        "side": "BUY",
        "price": 0.57,
        "size": 3041.0,
        "volume_usd": 1733.37,
        "timestamp": 1769629912,
        "date": "2026-01-29 03:51:52",
        "transaction_hash": "0x1d23edf49e5d151aa655f0441a74aa7769bc5e1dd3408f2876f7ee4a3e98dc3d",
        "maker_address": "N/A",
        "conditionId": "0xea49f0969abc80cf7ddbc9d3435c81d3a63cc6b73ebf8d6420f59b0557cf188e"
    },
    {
        "market_question": "Will Real Madrid CF win on 2026-01-28?",
        "outcome": "Yes",
        "side": "BUY",
        "price": 0.57,
        "size": 8330.0,
        "volume_usd": 4748.099999999999,
        "timestamp": 1769629912,
        "date": "2026-01-29 03:51:52",
        "transaction_hash": "0xb043339f2d8a5579752003abdeac22b71e36bb275a9636cd34a1adf7ae61875c",
        "maker_address": "N/A",
        "conditionId": "0xea49f0969abc80cf7ddbc9d3435c81d3a63cc6b73ebf8d6420f59b0557cf188e"
    },
    {
        "market_question": "Will Real Madrid CF win on 2026-01-28?",
        "outcome": "Yes",
        "side": "BUY",
        "price": 0.57,
        "size": 3041.0,
        "volume_usd": 1733.37,
        "timestamp": 1769629912,
        "date": "2026-01-29 03:51:52",
        "transaction_hash": "0x1d23edf49e5d151aa655f0441a74aa7769bc5e1dd3408f2876f7ee4a3e98dc3d",
        "maker_address": "N/A",
        "conditionId": "0xea49f0969abc80cf7ddbc9d3435c81d3a63cc6b73ebf8d6420f59b0557cf188e"
    },
    {
        "market_question": "Will Real Madrid CF win on 2026-01-28?",
        "outcome": "Yes",
        "side": "BUY",
        "price": 0.57,
        "size": 8330.0,
        "volume_usd": 4748.099999999999,
        "timestamp": 1769629912,
        "date": "2026-01-29 03:51:52",
        "transaction_hash": "0xb043339f2d8a5579752003abdeac22b71e36bb275a9636cd34a1adf7ae61875c",
        "maker_address": "N/A",
        "conditionId": "0xea49f0969abc80cf7ddbc9d3435c81d3a63cc6b73ebf8d6420f59b0557cf188e"
    },
    {
        "market_question": "Will Real Madrid CF win on 2026-01-28?",
        "outcome": "Yes",
        "side": "BUY",
        "price": 0.57,
        "size": 3041.0,
        "volume_usd": 1733.37,
        "timestamp": 1769629912,
        "date": "2026-01-29 03:51:52",
